3259 4975
746 450 946 513 ..4-

294 653 514 733 quaereretur.
562 645 830 731 congerebantur
853 650 935 713 enim
957 649 1052 714 insito
1077 649 1211 733 quodam
1228 656 1400 715 concentus

296 756 412 839 studio,
442 756 569 841 saepius
594 763 710 839 sponte
733 756 881 821 videntur
903 758 1091 821 convenisse
1112 760 1145 822 in
1168 757 1342 823 formandis
1366 765 1400 823 et
1489 820 1493 825 .

294 863 498 929 declarandis
523 864 690 927 sententiis
714 865 823 944 uerba,
854 884 936 946 qnae
959 866 1091 944 paribus
1113 865 1215 929 literis
1238 872 1400 947 tamquam

295 970 329 1035 in
345 972 452 1056 capite
468 970 584 1055 positis
601 976 716 1035 ornata
732 978 825 1035 erant
849 978 945 1053 atque
962 973 1138 1053 coniuncta,
1164 967 1398 1057 ὁμοιοκέφαλα,

294 1080 367 1161 quia
400 1078 525 1143 iteratis
561 1097 600 1141 eo
628 1077 723 1142 modo
751 1079 803 1142 vel
827 1078 958 1161 singulis
980 1079 1083 1143 literis
1105 1079 1178 1144 huic
1201 1070 1323 1144 aurium
1346 1081 1398 1144 de·

291 1186 458 1252 lactationi
485 1185 761 1268 similitudinisque
789 1186 971 1250 efferendas
998 1187 1158 1251 desiderio
1186 1187 1396 1252 serviebatur.

294 1291 363 1371 Quo
380 1294 461 1358 duce
477 1293 675 1358 exsistebant
692 1294 848 1357 concentu
864 1295 1042 1374 coniuncta,
1068 1295 1155 1359 dicta
1170 1296 1227 1359 illa
1243 1296 1393 1375 breviter,

293 1401 448 1466 formulae
471 1402 632 1483 vulgares,
668 1401 849 1484 proverbia,
880 1401 957 1465 trita
979 1421 1049 1483 usu,
1078 1422 1176 1484 quae,
1201 1404 1274 1486 quia
1296 1402 1397 1466 verba

295 1514 472 1573 convocata
506 1508 598 1591 quasi
633 1509 745 1572 eodem
782 1507 838 1571 illo
867 1528 945 1572 sono
976 1510 1132 1592 signoque
1160 1512 1264 1575 acrius
1288 1510 1398 1595 impin·

293 1621 411 1697 guntur
438 1616 581 1697 auribus,
619 1616 871 1680 concrescebant
898 1616 985 1680 velut
1014 1623 1165 1699 cognata,
1205 1619 1281 1697 iam,
1323 1617 1398 1700 quia

294 1722 449 1789 communi
471 1722 518 1787 illi
543 1723 646 1787 studio
671 1724 842 1805 sensuique
866 1725 1010 1788 omnibns
1034 1725 1130 1789 insito
1147 1724 1397 1810 respondebant,

294 1836 423 1895 servata
447 1849 573 1914 semper
597 1831 708 1895 eadem
730 1830 834 1913 figura
858 1832 993 1895 omnium
1017 1839 1109 1897 erant
1130 1833 1163 1896 in
1186 1852 1252 1897 ore.

383 1938 547 2003 Processit
582 1939 677 2003 etiam
711 1938 744 2001 in
779 1939 1009 2004 consuetudine
1036 1940 1162 2022 vulgari
1191 1940 1399 2023 complurium

294 2047 472 2129 linguarum
507 2066 583 2109 ursus
615 2046 670 2109 ille
698 2045 738 2108 ad
768 2046 969 2128 quaerendas
997 2048 1133 2111 maiores
1164 2048 1318 2111 eiusmodi
1348 2048 1399 2111 de·

295 2154 399 2218 licias:
425 2153 626 2218 artificiosius
651 2153 732 2217 enim
756 2154 807 2216 vel
832 2174 1002 2238 synonyma
1025 2161 1059 2219 et
1073 2154 1172 2218 verba
1190 2156 1249 2218 sibi
1266 2174 1399 2238 respon-

296 2263 404 2327 dentia
427 2263 566 2326 arctiore
590 2261 818 2325 consonantiae
834 2261 918 2326 illius
942 2262 1066 2326 vinculo
1083 2263 1337 2342 continebantur,
1356 2296 1399 2306 -

295 2377 330 2434 ut
354 2370 443 2452 qnasi
469 2374 657 2451 ,cognatum
684 2367 876 2432 concordia“
903 2388 1154 2433 commoveamur
1177 2405 1220 2414 —
1243 2359 1304 2451 vel,
1329 2369 1400 2433 lusu

295 2477 445 2560 quodam,
486 2476 635 2562 opposita
671 2477 793 2540 acutius
833 2477 1044 2561 acerbiusque
1085 2477 1154 2543 soni
1197 2476 1400 2543 similitudine

295 2584 558 2668 segregabantur.

385 2692 497 2775 Neque
532 2691 642 2754 mirum
684 2698 747 2774 est,
793 2691 976 2756 adhibuisse
1012 2713 1083 2775 cos,
1131 2694 1245 2777 quibus
1282 2693 1401 2776 aliquid

297 2799 425 2886 publice
450 2798 617 2864 dicendum
642 2799 885 2863 scribendumve
909 2807 1004 2880 esset,
1036 2801 1185 2884 quamdiu
1209 2801 1336 2883 quidem
1360 2800 1399 2863 ab

297 2907 414 2972 usitato
445 2925 565 2990 genere
594 2907 718 2971 dicendi
746 2925 809 2969 non
839 2906 1050 2984 discederent,
1086 2908 1128 2988 id,
1166 2908 1249 2991 quod
1274 2907 1401 2971 adeoe

298 3014 529 3080 consuetudine
564 3014 694 3095 linguae
729 3019 842 3094 esset,
876 3022 974 3097 certe,
1010 3017 1064 3079 ubi
1099 3023 1297 3095 occurreret,
1337 3035 1402 3079 non

296 3124 426 3188 vitasse.
503 3121 564 3212 Qui
613 3121 739 3203 quidem
788 3128 936 3186 oratores
985 3131 1018 3187 et
1062 3124 1237 3206 scriptores
1287 3142 1397 3206 saepe·

298 3249 428 3294 numero
468 3229 553 3292 illius
592 3228 756 3292 literarum
797 3231 1026 3294 consonantiae
1064 3251 1128 3294 non
1166 3231 1261 3296 modo
1301 3251 1400 3311 usum,

300 3337 476 3401 sedetiam
500 3335 702 3415 desiderium,
728 3335 873 3401 artificiis
895 3339 986 3403 novis
1011 3339 1173 3421 expositis,
1202 3359 1402 3423 summopere

301 3451 467 3527 auxerunt,
492 3444 640 3508 ludentes
663 3443 695 3505 in
720 3444 942 3526 coniungendo
964 3465 1144 3530 synonyma,
1169 3447 1221 3508 vel
1242 3448 1403 3510 contraria

299 3553 444 3636 paribus,
480 3573 500 3616 a
528 3551 640 3634 quibus
668 3551 876 3634 incipiebant,
913 3552 1033 3634 literis,
1069 3553 1120 3616 vel
1149 3553 1220 3616 aliis
1249 3552 1403 3617 eiusmodi

298 3660 426 3726 facetiis
450 3661 628 3724 auditorum
657 3678 751 3723 aures
779 3659 1013 3742 permulcentes
1042 3666 1075 3723 et
1103 3667 1285 3743 captantes,
1321 3680 1402 3742 quae

299 3767 471 3849 dictiones,
516 3766 590 3849 qnia
628 3786 647 3829 a
684 3767 827 3849 pluribus
863 3766 1074 3831 audiebantur
1111 3767 1162 3831 vel
1199 3767 1401 3849 legebantur,

300 3874 417 3937 diutius
439 3875 472 3938 in
495 3875 629 3938 omnium
653 3880 828 3957 conspectu
851 3879 885 3938 et
912 3874 1064 3937 memoria
1093 3875 1273 3937 manebant.
1333 3873 1402 3938 Nisi

300 3982 396 4046 insita
418 3981 498 4046 haec
526 3989 559 4046 et
586 3983 772 4061 inueterata,
811 3982 869 4046 sed
891 3981 1024 4045 fortuita
1053 3990 1087 4045 et
1108 3988 1229 4046 temere
1256 3988 1328 4044 orta
1351 3980 1402 4044 uel

301 4109 364 4154 non
392 4091 612 4154 animaduersa
641 4096 763 4169 essent,
799 4089 831 4154 in
859 4089 993 4182 singulis
1022 4090 1138 4182 linguis
1172 4109 1236 4154 non
1270 4094 1404 4183 possent

300 4216 373 4268 esse
395 4203 469 4270 tam,
483 4197 549 4269 late
573 4197 684 4270 effusa,
