3259 4975
676 476 877 544 ..7-

203 676 355 761 ¹quidam
393 676 645 759 constituissent,
685 697 812 742 versum
851 678 1036 759 saturnium,
1078 676 1329 763 antiquissimum

228 786 335 869 poesis
359 784 495 849 Latinae
518 784 570 847 vel
592 784 724 849 Italicae
747 793 895 867 metrum,
926 786 1114 850 simillimum
1142 806 1215 852 esse
1242 785 1329 852 illius

230 912 360 973 „versus
384 890 506 977 longi“,
530 910 593 956 nou
616 892 714 955 multo
738 899 813 976 post
836 893 895 956 sihi
916 901 1155 978 persuaserunt,
1180 900 1276 959 etiam
1298 894 1331 958 in

227 1001 336 1084 lingna
369 1000 469 1063 latina
505 998 620 1084 priscis
655 1000 852 1085 temporibus
881 1000 1129 1066 alliterationem
1156 1008 1191 1067 ut
1218 1021 1331 1067 versus

228 1108 436 1193 componendi
464 1106 655 1170 rationem
684 1115 779 1191 atque
812 1106 936 1189 legem
970 1109 1120 1192 viguisse,
1177 1110 1215 1173 In
1250 1115 1330 1174 trac·

228 1215 334 1281 tundis
371 1216 453 1279 enim
490 1214 728 1296 antiquissimae
759 1214 876 1280 aetatis
905 1216 1095 1281 carminibus
1124 1216 1231 1281 latinis
1260 1236 1331 1282 oon·

228 1324 365 1403 firmant,
382 1323 414 1385 in
432 1322 477 1385 eis
494 1321 639 1405 reperiri,
658 1322 742 1405 quod
758 1328 921 1387 nostrates
938 1323 1099 1387 nominent
1116 1320 1331 1405 „Stabreim“.

229 1430 330 1507 Quam
357 1429 590 1501 severissimam
613 1429 838 1495 alliterationis
854 1430 986 1495 formam
1009 1430 1043 1493 in
1057 1429 1188 1514 linguae
1203 1437 1333 1495 nostrae

220 1536 422 1619 carminibus
457 1554 557 1620 usque
593 1536 633 1601 ad
669 1538 829 1601 saeculum
858 1537 916 1601 lX.
941 1559 971 1621 p.
997 1536 1070 1601 Chr.
1099 1560 1130 1602 n.
1160 1538 1333 1602 adhibitam

230 1645 462 1728 cognoscimus.
502 1644 570 1707 -llla
594 1645 675 1707 enim
699 1651 807 1709 aetate
828 1646 954 1709 ratione
978 1652 1067 1710 certa
1091 1650 1125 1708 et
1147 1646 1236 1727 quasi
1260 1644 1334 1728 lege

229 1752 359 1836 lapidea
381 1752 414 1816 in
439 1752 571 1834 quovis
595 1771 690 1815 uersu
713 1752 809 1835 longo
833 1752 885 1816 vel
914 1755 1063 1835 quatuor,
1094 1752 1252 1832 veltres,
1281 1752 1333 1816 vel

230 1867 318 1925 certe
343 1860 424 1923 duae
449 1859 600 1941 syllabae,
626 1858 706 1922 ictu
729 1859 873 1923 ceteris
890 1861 1173 1926 antecedentes
1189 1860 1235 1923 ita
1250 1858 1333 1924 inter

230 1986 265 2031 se
288 1968 504 2031 reddebantur
528 1966 742 2045 concinentes,
775 1972 808 2030 ut
835 1966 873 2029 in
902 1968 1049 2032 duobus
1077 1966 1334 2031 hemistichiis

230 2074 282 2138 vel
310 2075 404 2139 binae
432 2093 527 2139 voces
556 2075 607 2137 vel
636 2074 789 2157 singulae,
825 2073 877 2136 vel
911 2080 948 2137 ut
980 2075 1013 2137 in
1042 2076 1146 2139 altero
1171 2074 1266 2155 duae,
1301 2074 1334 2140 in

231 2182 333 2246 altero
357 2202 419 2245 una
448 2182 559 2246 eadem
587 2181 808 2262 allitcratione,
846 2181 962 2265 partim
984 2168 1086 2247 ⁴certis
1114 2182 1251 2267 pedibus
1280 2182 1334 2246 ad·

231 2288 327 2371 diota,
352 2288 629 2371 coniungerentur.

320 2394 384 2460 Sed
407 2415 447 2461 ne
470 2418 499 2459 v.
525 2396 683 2460 saturnius
708 2395 848 2479 quidem,
885 2396 1043 2478 quomodo
1072 2396 1185 2461 saltem
1208 2415 1335 2460 nnnce

231 2505 373 2589 plurimis
397 2505 473 2568 viris
498 2504 600 2568 doctis
625 2503 782 2585 definitur,
808 2505 996 2569 nostratium
1011 2524 1122 2569 versus
1141 2504 1229 2588 longi
1253 2506 1334 2570 adeo

232 2612 343 2676 similis
368 2618 431 2693 est;
468 2612 583 2675 nedum
612 2611 782 2676 alliteratio
807 2612 953 2676 Romana
981 2611 1055 2676 talis
1084 2613 1136 2695 sit,
1173 2611 1275 2695 qualis
1302 2613 1334 2676 in

231 2727 361 2784 nostrae
385 2720 490 2802 gentis
515 2719 703 2782 carminibus
728 2719 862 2783 exsistit.

319 2826 459 2890 Nostrae
494 2826 576 2891 enim
610 2827 717 2910 poesis
752 2846 863 2890 versus
896 2825 986 2908 longi
1014 2845 1055 2890 ex
1089 2833 1163 2893 octo
1196 2827 1333 2911 pedibus

232 2940 397 3014 constant,
433 2934 620 3016 rythmice
659 2933 861 3016 feriendis;
897 2932 930 2996 in
965 2939 1101 3016 utroque
1135 2932 1335 2999 hemistichio

233 3048 409 3124 quaternae
432 3059 521 3104 arses
545 3041 608 3104 sint
630 3059 763 3105 necesse
787 3047 847 3105 est.
879 3040 1002 3104 Theses
1023 3041 1139 3123 ubique
1163 3047 1218 3104 aut
1239 3041 1336 3124 plane

233 3149 335 3212 omitti
359 3155 414 3210 aut
438 3167 478 3211 ex
503 3149 714 3233 compluribus
744 3147 875 3231 syllabis
903 3155 1052 3212 constare
1082 3153 1225 3231 possunt,
1263 3148 1337 3230 quia

233 3276 296 3320 non
314 3255 414 3318 solum
431 3274 530 3336 arses,
557 3274 639 3338 quae
654 3243 862 3337 praecedunt,
886 3256 1002 3337 ubique
1019 3255 1061 3317 ad
1081 3260 1175 3318 terna
1191 3261 1338 3338 tempora

234 3363 364 3427 extendi
388 3369 531 3447 possunt,
556 3371 652 3445 atque
675 3381 734 3446 per
758 3380 792 3425 sc
815 3382 875 3444 pro
892 3363 969 3426 totis
986 3361 1148 3426 trochaeis
1172 3369 1253 3444 sunt,
1279 3362 1338 3425 sed

234 3471 330 3535 etiarn
353 3469 461 3534 theses
485 3470 600 3552 ubique
624 3475 760 3553 possunt
783 3468 875 3532 solvi.
914 3472 960 3532 At
979 3468 1161 3549 saturnium,
1188 3469 1240 3550 qui
1263 3467 1338 3552 lege

235 3578 471 3661 quantitatis
488 3578 659 3641 metiuntur
675 3576 807 3657 eiusque
824 3575 1030 3640 hemistichiis
1052 3582 1133 3640 tres
1157 3575 1221 3639 vel
1245 3574 1338 3639 duas

236 3705 325 3750 arses
350 3684 514 3765 addicunt,
546 3684 631 3750 inter
660 3703 737 3766 quas
763 3683 859 3747 certis
884 3683 977 3747 modo
1000 3682 1080 3747 locis
1104 3683 1212 3747 theses
1237 3682 1340 3748 omitti

236 3793 287 3857 vel
311 3793 393 3856 solvi
415 3793 550 3875 possint,
575 3792 621 3857 illi
644 3791 727 3854 hunc
749 3810 876 3856 versum
892 3791 1018 3856 nonita
1034 3787 1110 3874 apte
1134 3810 1203 3855 cum
1221 3812 1337 3872 „versu

234 3898 351 3984 longo“
378 3907 574 3984 comparant.

326 4003 361 4070 Si
377 4025 475 4090 porro
490 4007 661 4072 alliteratio
679 4006 721 4069 ad
736 4025 848 4069 versus
865 4005 1103 4088 componendos
1119 4025 1183 4068 non
1194 4004 1296 4069 minus
1308 4005 1341 4070 in

236 4113 387 4179 Romanis
402 4117 535 4196 quamiu
547 4120 677 4179 nostrae
690 4113 798 4198 poesis
815 4112 1004 4175 carminibus
1016 4110 1203 4176 necessaria
1215 4112 1339 4188 suisset,

237 4223 271 4285 in
295 4221 457 4287 omnium
491 4222 622 4287 alicuius
651 4220 799 4287 carminis
827 4239 974 4284 versuum
1001 4219 1102 4283 binis
1134 4218 1341 4284 hemistichiis
