3259 4975
665 408 888 474 ..19-

221 618 396 695 acceptam,
420 630 483 674 non
508 608 586 674 satis
611 615 697 694 apte,
722 609 797 693 quid
814 608 857 673 sit
876 608 1058 689 alliteratio,
1083 604 1326 693 demonstrat.*)

220 717 302 783 Nam
331 739 399 783 cum
427 719 652 801 παρονομασία
679 717 712 780 in
739 718 943 802 oppositione
973 717 1142 781 verborum
1171 717 1221 781 vel
1246 716 1329 781 idem

221 826 274 890 vel
297 825 398 890 similc
422 826 610 907 sonantium,
646 822 773 888 diversa
797 824 995 907 sequentium
1023 831 1056 889 et
1084 824 1329 907 significantium

224 940 360 1015 constet,
385 933 627 1013 alliteratio‚
653 931 795 1014 quamuis
813 951 912 1017 saepe
928 931 1176 997 annominationi
1200 951 1330 1017 respon·

221 1043 307 1123 deat,
333 1060 430 1123 saepe
454 1061 523 1106 cum
547 1059 584 1104 ca
607 1038 785 1121 conveniat,
811 1060 870 1123 per
893 1059 928 1103 se
952 1059 1014 1104 non
1044 1046 1171 1124 spectat
1195 1038 1235 1102 ad
1259 1058 1328 1103 vcr-

218 1149 330 1213 borum
348 1168 483 1230 sensum,
509 1148 566 1213 sed
590 1148 621 1211 in
644 1147 747 1211 literis
763 1155 920 1227 versetur,
944 1166 1054 1232 perse
1077 1167 1180 1230 neque
1204 1146 1329 1229 opposi-

219 1258 337 1322 tionem
362 1256 593 1321 contrariorum
621 1273 724 1337 neque
749 1254 983 1339 appositionem
1012 1255 1155 1319 similium
1192 1253 1324 1338 expetit,

219 1372 290 1429 tota
313 1363 484 1429 referenda
508 1370 557 1429 est
585 1362 627 1426 ad
654 1363 844 1445 captandam
880 1362 1025 1426 aurium
1058 1362 1326 1427 benevolentiam.

217 1471 332 1554 Neque
370 1473 488 1537 rectius
530 1489 631 1553 neque
667 1470 848 1535 accuratius
873 1468 1086 1546 Quintilianus
1125 1464 1197 1552 (lX,
1234 1465 1326 1553 385)

217 1579 382 1665 propriam
406 1578 631 1643 alliterationis
656 1578 716 1641 vim
737 1577 957 1661 appellatione
983 1575 1173 1659 ‚‚similium“
1190 1576 1328 1641 illustra·

218 1688 277 1752 vit.
323 1686 405 1750 Nem
440 1687 564 1751 etiamsi
593 1685 875 1769 praetermittimus
903 1684 992 1765 illud,
1018 1685 1103 1767 quod
1132 1684 1326 1748 creberrima

217 1794 442 1858 alliteretionis
470 1792 572 1858 forma
601 1787 668 1875 (ubi
692 1812 753 1855 una
769 1791 864 1855 litera
888 1792 920 1855 in
943 1792 1075 1857 duorum
1098 1793 1326 1856 vocabulorum

216 1902 314 1965 initiis
342 1902 461 1965 iterata
486 1900 623 1964 efficitur
648 1896 807 1981 ‚,simile“)
832 1899 951 1962 abillo
975 1898 1124 1981 neglecta
1148 1906 1208 1978 est,
1232 1898 1328 1963 facile

217 2009 421 2088 concedetur,
447 2008 573 2071 omnino
597 2006 652 2069 illa
676 2008 803 2071 notione
828 2028 894 2069 rem
919 2025 991 2069 esse
1014 2026 1126 2090 parum
1151 2006 1325 2070 definitam.

220 2116 296 2179 Alia
335 2115 461 2179 nomina
503 2136 522 2177 a
557 2114 682 2177 Naelrio
719 2110 753 2195 (l.
789 2114 810 2179 l.
845 2135 876 2196 p.
914 2109 1004 2194 327.)
1048 2114 1196 2197 exposita
1242 2114 1325 2178 inre·

216 2224 333 2287 nimus:
361 2220 558 2305 ,noctabat
586 2223 661 2285 dicit
678 2219 842 2285 Victorius
867 2220 945 2283 Var.
969 2220 1058 2284 Lect.
1076 2220 1186 2302 null,
1211 2222 1326 2302 gemi-

218 2332 398 2395 nationes
424 2329 568 2394 Gisanius
606 2328 678 2391 coll.
715 2325 808 2391 Lucr.
852 2324 895 2410 (v.
932 2323 1107 2411 geminat),
1143 2323 1327 2417 παρήχησιν

221 2439 251 2503 J.
279 2437 465 2502 Gulielmius
490 2435 620 2514 Quaest.
646 2436 677 2498 in
694 2434 799 2500 Plaut.
825 2436 939 2519 Amph.
965 2435 1000 2500 Ο.
1028 2436 1056 2513 1,
1081 2435 1120 2499 G.
1145 2434 1172 2500 Ι.
1189 2436 1326 2501 Vossius

218 2547 320 2610 instit.
339 2551 419 2610 orat.
445 2545 499 2609 lib.
525 2543 582 2609 IV.
608 2544 628 2608 2
654 2550 686 2607 et
701 2542 741 2608 V.
767 2541 798 2622 5,
824 2543 854 2625 3,
872 2543 1052 2609 Gessnerus
1078 2545 1118 2608 ad
1135 2542 1240 2621 Quint.
1265 2544 1327 2624 ΙΧ,

217 2653 249 2734 4,
276 2647 382 2735 41.**)

311 2759 432 2824 Nostra
456 2765 563 2824 aetate
579 2758 615 2823 F.
632 2757 773 2823 Naekius
790 2759 911 2843 primus
933 2759 1122 2842 explicatius
1144 2764 1177 2823 et
1206 2779 1327 2822 summa

224 2868 384 2932 industria
408 2867 449 2932 de
472 2867 532 2932 hac
554 2865 658 2949 figura
681 2866 836 2931 orationis
858 2867 935 2949 egit,
961 2901 994 2910 -
1025 2865 1158 2944 relictis,
1189 2867 1241 2947 qui
1277 2867 1328 2931 hic

220 2976 290 3040 illic
314 2973 518 3054 editionibus,
555 2974 826 3054 adnotationibus,
856 2972 1130 3038 emendationibus
1154 2973 1220 3036 suis
1245 2973 1326 3036 inse·

220 3088 356 3146 ruerunt
380 3081 517 3164 singula,
544 3082 759 3163 grammaticis
784 3076 969 3163 (exquibus
997 3087 1072 3144 ante
1107 3081 1188 3144 alios
1212 3079 1326 3143 Linde-

222 3209 356 3254 manuus
381 3188 588 3252 nominandus
618 3195 677 3267 est,
707 3208 736 3252 v.
770 3210 820 3270 qu.
855 3207 915 3251 scr.
953 3186 994 3249 ad
1017 3187 1121 3252 Plaut.
1155 3186 1248 3272 Capt.
1283 3187 1326 3269 ll,

220 3293 313 3380 3,49)
337 3330 381 3342 -
404 3295 496 3378 libro,
521 3315 614 3378 quem
630 3295 760 3380 scripsit
776 3295 822 3358 de
851 3294 1122 3358 alliteratione
1139 3295 1327 3359 sermonis

219 3403 335 3469 latini
351 3399 444 3488 (mus.
461 3404 550 3467 rhen.
572 3401 654 3466 1829
672 3424 702 3486 p.
722 3397 924 3486 324-418.)
953 3400 1013 3477 Qui
1035 3401 1083 3465 vir
1103 3402 1326 3487 amplissimus,

221 3511 362 3595 quamvis
395 3511 552 3575 interdum
585 3508 755 3572 minutiora
788 3517 915 3572 secutus
953 3507 996 3572 sit
1028 3515 1061 3573 et
1091 3527 1326 3592 nonnumquam

311 3704 338 3772 l)
358 3704 391 3758 de
419 3719 474 3774 qua
500 3720 529 3758 rc
551 3702 672 3758 Naelrius
696 3717 747 3755 scr.
770 3702 799 3755 in
821 3701 886 3755 libri
915 3701 964 3769 ‚de
992 3702 1171 3757 alliteraticne
1199 3703 1327 3758 sermonis

221 3793 315 3848 latini“
336 3811 361 3865 p.
382 3793 442 3858 326,
463 3810 541 3862 quem
560 3794 681 3862 sequitur
700 3791 819 3845 Lochias
838 3792 855 3844 l.
875 3793 891 3845 l.
912 3809 938 3862 p.
957 3790 981 3845 4.

254 3966 257 3971 Ι
294 3899 338 3966 ll)
357 3901 411 3954 alia
433 3899 539 3954 addidit
562 3899 671 3969 Mthly
697 3900 778 3967 ¹,iiber
802 3898 991 3953 Alliteration‘
1018 3899 1052 3965 (v.
1072 3898 1164 3953 Nenos
1184 3900 1327 3954 schweinc-

222 3989 325 4042 risches
348 3989 417 4043 Mus.
444 3988 523 4057 1864)
551 4007 577 4060 p.
602 3989 662 4042 217.
687 4005 727 4058 sq.
756 3991 784 4042 et
806 3989 963 4042 Wbll'flin
992 3988 1252 4058 (Sitzungsbcrichte
1280 3989 1328 4043 der

223 4079 327 4148 kbnigl.
347 4079 498 4134 bairischsn
512 4078 662 4134 Akademie
681 4078 729 4132 der
740 4079 908 4134 Wissenscb.
921 4078 1013 4154 philol.
1032 4078 1078 4137 Kl.
1094 4076 1170 4134 1881.
1183 4077 1237 4132 Bd.
1251 4077 1288 4149 ΙΙ,
1301 4079 1327 4148 Ι)

222 4185 250 4244 p.
270 4167 306 4222 25
333 4184 374 4244 sq.
703 4199 707 4206 ·
