3259 4975
242 675 435 762 templantes
475 674 557 739 enim
596 672 751 738 sermonis
788 670 931 755 vulgaris
976 672 1235 738 consuetudinem
1274 690 1345 757 per·

243 784 389 868 cipimus,
427 783 663 867 simplicitatem
691 781 851 862 quandam
879 780 994 845 mentis
1018 800 1081 845 non
1109 780 1154 844 ita
1181 781 1215 844 in
1238 781 1344 864 longis

242 892 468 976 impeditisque
492 890 664 975 cogitandi,
693 887 993 973 comprehendendi,
1024 887 1150 978 dicendi
1177 887 1344 953 itineribus

242 1007 405 1082 versatae,
439 1000 554 1064 abesse
578 1019 597 1061 a
621 997 723 1061 cultus
748 995 931 1080 comptioris
952 1002 1048 1078 atque
1069 995 1250 1060 eruditioris
1272 1017 1345 1061 con·

242 1108 395 1190 tentione,
421 1108 461 1171 ab
486 1106 603 1170 aetatis
627 1105 744 1169 laetius
768 1108 942 1187 provectae
966 1105 1081 1185 studio,
1106 1109 1176 1168 arte
1197 1104 1343 1188 quadam,

242 1234 326 1298 qnae
349 1215 571 1300 proferantur,
602 1212 738 1277 ornandi
762 1219 858 1294 atque
882 1213 1038 1292 variandi,
1065 1218 1247 1276 contentam
1272 1232 1345 1278 esse
1374 1197 1378 1206 ¹

241 1324 425 1408 repetendis
456 1322 562 1388 verbis
590 1321 642 1385 vel
671 1320 790 1384 eisdem
820 1320 870 1383 vel
899 1319 1001 1383 simile
1028 1320 1225 1399 sonantibus,
1264 1320 1346 1401 ,sibi

240 1430 407 1513 placere“,
444 1432 528 1515 quod
552 1430 705 1494 Columna
733 1427 825 1508 dicit,
852 1422 906 1510 ·(p.
932 1427 985 1491 60.
1014 1428 1098 1493 adid.
1123 1424 1266 1506 flesset)
1293 1430 1344 1509 „in

240 1538 410 1603 verborum
445 1539 699 1623 syllabarumque
731 1538 905 1605 ¹eatruudem
947 1536 1132 1601 similiumve
1164 1536 1343 1619 iteratione,

240 1645 296 1726 ita,
332 1653 367 1710 ut
395 1647 592 1711 cumulentur
620 1645 728 1724 verba,
766 1665 847 1727 quae
880 1645 1012 1709 eandem
1039 1645 1202 1709 notionem
1227 1652 1260 1709 et
1283 1644 1345 1709 for·

241 1752 410 1817 mationem
435 1761 530 1836 atque
553 1752 626 1816 hinc
654 1752 764 1817 literas
793 1752 923 1817 easdem
951 1752 1103 1833 habeant,
1139 1760 1205 1816 tum
1232 1759 1267 1816 ut
1290 1751 1344 1815 ad·

240 1861 410 1943 iungantur
432 1861 495 1924 alia
516 1860 630 1925 eodem
651 1859 763 1924 son0“.
796 1861 883 1941 Cum,
905 1880 987 1942 quae
1003 1860 1148 1943 proxima
1166 1866 1251 1942 suut,
1271 1880 1343 1925 con·

241 1970 414 2051 quirantur,
438 1969 470 2032 in
493 1968 654 2031 narranda
677 1968 839 2049 aliquare
863 1974 896 2032 et
918 1968 1106 2050 exponenda
1122 1969 1256 2033 crebrae
1276 1986 1345 2032 ver-

241 2076 351 2140 borum
380 2077 432 2140 vel
464 2077 637 2140 eorundem
665 2066 715 2139 vel
742 2078 827 2139 inter
857 2096 891 2140 se
921 2082 1130 2160 cognatorum
1154 2076 1343 2140 iterationes

239 2184 445 2248 inscientibus
470 2183 520 2246 rel
542 2184 788 2266 neglegentibus
812 2184 962 2248 excidunt
985 2192 1081 2266 atquc
1096 2185 1255 2249 incuriose
1272 2203 1343 2249 coo·

240 2292 377 2375 1·iuntur;
402 2291 434 2354 in
459 2290 626 2372 colloquiis
650 2292 817 2375 proposita
833 2292 878 2355 ita
903 2291 1063 2369 diiudicat,
1089 2293 1141 2374 qui
1157 2291 1341 2374 respondet,

241 2406 275 2462 ut
302 2400 354 2463 rel
382 2418 451 2462 cunr
476 2398 680 2483 susceptione
709 2398 897 2480 eorundem,
927 2418 1009 2482 quac
1038 2400 1078 2469 ab
1108 2399 1211 2463 altero
1234 2400 1342 2483 paullo

240 2516 315 2572 ante
331 2509 497 2587 audiverit,
522 2507 690 2571 verborum
719 2527 754 2570 se
782 2513 837 2570 aut
861 2509 1042 2572 consentire
1066 2528 1136 2572 cum
1160 2527 1199 2573 eo
1223 2514 1278 2572 aut
1301 2510 1342 2571 ab

239 2635 278 2682 ec
303 2615 474 2680 dissentire
498 2615 704 2696 demonstret,
730 2613 780 2678 vel
804 2620 840 2677 ut
863 2615 946 2678 illins
963 2616 1062 2678 rerba
1085 2618 1220 2680 insuam
1236 2622 1344 2680 vertat

239 2725 439 2788 sententiam.

327 2831 434 2914 Atque
470 2831 639 2895 infantiorc
676 2830 907 2915 quodammodo
937 2832 1140 2911 complurium
1164 2833 1342 2915 linguarum

240 2944 363 3020 aetate,
400 2959 470 3003 cum
498 2938 548 3002 vel
577 2939 616 3000 ab
646 2938 706 3004 hcc
734 2959 807 3022 usu,
844 2938 935 3022 quasi
971 2938 1083 3002 eodem
1114 2940 1186 3003 loeo
1220 2958 1341 3024 perma-

239 3046 344 3128 nendi,
369 3065 471 3129 neque
494 3047 650 3128 migrandi
674 3047 706 3110 iu
730 3047 843 3125 aliena,
873 3065 913 3111 ne
937 3047 1041 3111 dicam
1065 3048 1222 3129 gaudium,
1253 3055 1341 3112 certe

240 3153 474 3218 animadversio
497 3174 560 3218 ncn
576 3154 670 3219 mode
696 3173 818 3236 sensus,
844 3155 1012 3220 sedetiam
1036 3156 1104 3219 soni
1128 3155 1340 3220 similitudinis

239 3282 302 3326 non
315 3262 452 3343 abesset,
467 3263 613 3342 accessit,
627 3270 661 3327 ut
673 3262 735 3326 iam
746 3263 910 3326 literarum
922 3261 1116 3346 singularum
1128 3262 1160 3326 in
1171 3263 1341 3327 verborum

239 3369 334 3433 initiis
358 3369 535 3454 positarum
551 3377 733 3450 concentus,
757 3371 820 3433 iam
840 3370 1064 3435 vocabulorum
1087 3370 1117 3433 in
1141 3371 1253 3435 ordine
1276 3391 1340 3436 ser·

240 3477 340 3542 monis
358 3497 392 3540 sc
409 3477 604 3559 sequentinm
621 3473 881 3561 consonantiae),
899 3484 935 3542 ut
953 3479 999 3541 ita
1017 3478 1128 3559 dicam,
1146 3485 1280 3543 externa
1295 3515 1339 3526 -

240 3603 322 3667 quae
356 3605 419 3649 non
455 3585 624 3668 spectabat
658 3585 699 3647 ad
739 3586 978 3669 sententiarum,
1015 3587 1072 3651 sed
1100 3588 1141 3652 ad
1170 3606 1339 3671 corporum

240 3692 475 3758 similitudinem
502 3711 550 3738 -‘
573 3691 759 3774 exsisteret,
790 3700 902 3758 coorta
925 3693 1154 3778 perciperetur,
1184 3701 1340 3779 percepta

326 3885 353 3952 l)
373 3903 397 3939 v.
418 3886 462 3941 W.
482 3884 583 3940 Grimm
614 3905 677 3954 ,nur
695 3886 858 3942 Geschiehte
882 3888 930 3942 des
948 3887 1056 3942 Rcims“
1081 3887 1155 3942 Abh.
1179 3887 1227 3942 der
1249 3889 1340 3943 Akud.

241 3975 307 4028 1851
327 3994 353 4046 p,
374 3974 438 4030 697:
470 3975 667 4046 ,Gleichklang
690 3977 773 4032 findet
795 3979 855 4032 sich
873 3978 955 4032 leicht
974 3979 1196 4049 unbeabsichtigt
1214 3979 1270 4031 und
1289 3996 1342 4034 von

239 4065 325 4119 selbst
342 4066 384 4119 ein
403 4064 458 4119 und
485 4067 522 4119 ist
546 4067 767 4122 wahrscheiulich
786 4085 839 4122 von
862 4068 914 4122 den
936 4069 1047 4121 meisten
1067 4068 1187 4123 Volkarn
1210 4070 1295 4124 sehon
1313 4072 1341 4125 in

240 4155 333 4209 frfihcn
352 4157 444 4210 Zaiton
467 4156 496 4209 in
519 4156 567 4210 der
584 4157 723 4228 Dichtung
751 4157 817 4212 oder
843 4157 913 4215 doch
935 4158 964 4214 in
983 4158 1108 4216 Formeln
1127 4159 1181 4212 und
1201 4159 1341 4236 Spruchen

238 4245 412 4322 angewcndet
430 4246 562 4306 worden‘.
