3259 4975
680 495 722 505 -
769 450 812 524 ffi
858 467 900 505 μ

240 656 404 739 sustineat,
430 657 544 741 erigat,
570 657 767 726 corroboret.
817 657 954 742 Optime,
979 678 1051 723 nam
1074 658 1176 723 minus
1200 652 1339 723 animad-

240 770 422 829 verteretur
446 772 535 829 certe
557 765 635 829 illud
659 765 762 849 (Trin.
788 761 868 847 381)
899 773 1016 849 „atque
1050 762 1245 850 antiquum“‚
1280 766 1343 831 nisi

240 878 427 955 sequeretur
456 878 623 965 „senectus
653 868 825 951 sustinet“;
866 874 967 937 minus
1000 874 1214 958 permulceret
1247 893 1341 938 aures
1387 882 1389 889 '

241 980 348 1059 tritum
370 980 449 1043 illud
473 999 599 1061 „mores
622 978 807 1061 maiorum“,
831 980 895 1045 nisi
928 980 1134 1046 adiuvaretur
1167 981 1223 1045 illo
1257 981 1343 1063 „lau-

241 1088 318 1151 dant
341 1087 473 1152 lutitant
496 1084 700 1153 collaudant“
725 1082 769 1172 (q.
794 1087 815 1152 l.
840 1087 927 1152 Trin.
953 1083 1043 1171 292).

329 1230 543 1296 Artificiosior
567 1230 799 1313 quodammodo
824 1230 1067 1314 elegantiorque
1091 1230 1218 1295 videtur
1242 1230 1340 1296 ailite-

240 1338 333 1419 ratio,
351 1357 433 1421 quae
450 1338 576 1418 dicitur,
600 1339 798 1422 implicata
813 1340 873 1403 vel
890 1339 1102 1420 alternans,
1128 1338 1343 1404 concinnitate

242 1446 378 1529 quadam
403 1452 435 1509 ct
458 1446 701 1531 complicatione
725 1442 768 1529 (v.
792 1445 910 1511 Pseud.
942 1444 984 1509 66
1021 1446 1346 1529 „comprehensiones

243 1561 333 1619 artae
357 1560 516 1617 amantum
541 1549 758 1637 comparum“)
783 1553 925 1636 insignis,
950 1553 1002 1618 vel
1026 1560 1061 1617 ut
1085 1552 1145 1617 sibi
1170 1553 1343 1637 responde·

244 1667 299 1725 ant
322 1682 341 1724 a
364 1661 384 1724 b
409 1662 429 1723 b
453 1682 485 1742 a,
512 1661 662 1725 voluta
686 1661 706 1723 b
731 1661 793 1723 ab
818 1660 903 1724 inter
926 1680 960 1724 se
984 1666 1172 1743 congruant.

332 1783 395 1850 Sed
418 1806 459 1849 ne
482 1787 562 1851 haec
587 1785 714 1866 quidem
738 1784 839 1849 ardua
863 1804 1021 1869 operosae
1044 1784 1210 1848 Minervae
1245 1804 1345 1868 opera

245 1900 356 1957 exorta
380 1912 452 1957 csse
476 1893 644 1973 contendo,
670 1891 726 1955 sed
751 1892 832 1955 duce
866 1911 944 1955 sane
967 1892 1147 1956 inveterato
1182 1890 1239 1956 illo
1276 1910 1348 1955 con·

245 2002 373 2064 cordiae
396 2019 508 2065 vocum
531 2020 639 2064 amore
664 2020 704 2063 ex
719 1999 847 2082 ingenio
871 2007 987 2083 poetae
1004 1998 1103 2083 lepidi
1127 1998 1347 2063 effloruerunt.
1384 2080 1388 2089 ⁸

333 2125 434 2202 Quam
458 2126 566 2189 iocose
589 2124 640 2187 vel
664 2124 721 2188 has
741 2124 885 2189 luxurias
901 2123 1073 2189 variaverit
1088 2123 1231 2205 Plautus,
1257 2123 1348 2206 satis,

246 2252 350 2316 spero,
376 2232 522 2315 exempla
544 2223 744 2295 illustratura
769 2250 851 2313 osse,
877 2251 959 2315 quae
982 2230 1116 2296 contulit

290 2376 377 2439 Trin.
407 2374 490 2438 1023

247 2464 443 2569 surrupuerit
467 2481 607 2547 currenti
631 2483 755 2547 cursori
779 2482 880 2546 solnm

291 2593 379 2656 Trin.
405 2589 471 2652 414

247 2718 405 2784 apparere
430 2699 457 2761 si
481 2718 585 2762 sumas
609 2703 719 2782 potest

292 2806 407 2871 Pseud.
434 2804 495 2868 631
521 2826 540 2868 a
564 2806 584 2866 b
609 2805 628 2866 b
653 2823 672 2866 a
695 2825 714 2867 a
738 2799 770 2884 (o
794 2800 824 2884 c)

250 2936 307 2978 vae
331 2915 389 2977 tibi
414 2922 446 2976 tu
469 2907 624 2976 inventus
648 2931 724 2975 vero
750 2943 791 2956 ·-·
818 2906 970 2993 (furcillet
992 2905 1101 2994 fidem)

293 3017 730 3085 Men998abbaaa

251 3129 324 3212 quid
348 3129 443 3192 voltis
468 3147 540 3209 vos;
566 3124 642 3209 quid
666 3121 879 3207 quaeritatis?
902 3123 979 3205 quid
1004 3159 1045 3167 —

294 3234 412 3300 Bacch.
437 3231 502 3296 (395
527 3231 561 3315 (a
585 3228 618 3315 a)
642 3232 662 3295 b
688 3251 705 3294 c
729 3251 746 3294 c
769 3233 790 3294 b
814 3230 846 3294 b.

251 3341 318 3427 (vix
342 3337 480 3424 videtur)
503 3339 573 3404 fieri
596 3357 693 3424 posse
716 3357 818 3422 porge
843 3357 881 3400 ac
904 3336 998 3400 facilc
1022 3335 1199 3400 confeceris

296 3451 383 3514 Trin.
408 3446 473 3511 948
498 3447 586 3531 dupl.
610 3447 695 3530 impl.
721 3465 740 3507 a
763 3444 783 3507 b
808 3446 828 3507 b
852 3463 870 3506 c
893 3462 953 3506 ca

250 3561 402 3624 dimittam
426 3554 574 3618 —velle
598 3553 691 3616 video
715 3585 759 3598 -
783 3553 841 3616 hos
864 3550 1008 3614 homines
1033 3583 1076 3594 —
1101 3547 1179 3612 milri

295 3663 410 3730 Bacch.
439 3660 524 3726 1196
550 3656 582 3742 (a
606 3654 639 3744 a)
663 3660 683 3721 b
709 3680 726 3723 c
751 3679 768 3722 o
791 3659 812 3722 d
837 3657 857 3720 d
880 3658 901 3721 b

252 3769 305 3858 (ne
330 3763 498 3852 obnoxius)
522 3768 587 3832 filio
613 3767 670 3831 sim
694 3773 727 3830 et
751 3785 845 3830 servo
869 3765 932 3829 mel
954 3784 1057 3826 meum
1080 3762 1167 3826 fiunt.

296 3873 833 3945 Stich.287abbcaddc

251 4007 309 4052 rex
333 3985 475 4052 obstabit
498 3982 624 4046 obviam
647 4000 758 4062 regem
782 4013 823 4026 -·
853 3980 942 4063 prius
966 3976 1143 4060 pervortito

297 4095 397 4161 Poen.
422 4091 481 4172 ΙΙΙ,
508 4086 581 4171 1,27
607 4108 626 4150 a
648 4088 669 4149 b
693 4087 713 4150 b
738 4108 757 4150 a
782 4084 813 4167 (o
836 4082 867 4170 c)

252 4204 423 4268 vinceretis
447 4216 572 4266 cervum
597 4215 692 4262 cursu
715 4195 768 4259 vel
791 4190 1016 4276 (grallatorem
1040 4185 1158 4273 gradu)
