3259 4975
763 453 962 523 „6-

313 671 422 719 earnm
448 650 603 737 gentium,
640 674 719 738 quas
751 656 878 721 nominc
898 656 1225 744 indo-europaeorum
1245 659 1414 748 complecti

311 764 521 845 assuevimus,
557 762 636 827 fines
671 764 871 847 transgredi,
907 771 941 830 et
974 766 1050 830 milri
1084 767 1211 850 quidem
1245 769 1413 853 probabile

311 871 444 954 videtur,
470 870 718 935 alliterationem
744 872 778 935 iu
802 873 969 957 singulis
996 875 1144 958 gentibus
1168 885 1306 959 sponte
1336 878 1413 941 oriri

310 987 343 1045 et
365 978 511 1062 potuisse
534 985 569 1045 et
595 998 701 1063 posse.
759 980 849 1063 Ideo,
885 981 912 1045 si
946 981 1076 1049 duarum
1113 983 1254 1067 gentium
1280 984 1412 1069 propria

308 1094 370 1168 est,
395 1106 434 1152 ea
457 1104 493 1152 re
517 1088 587 1154 sola
609 1108 675 1152 non
699 1089 777 1152 satis
801 1096 947 1173 apparet,
977 1090 1107 1155 easdem
1130 1096 1245 1174 gentes
1267 1093 1352 1156 inter
1375 1112 1411 1158 se

309 1196 535 1279 propinquiore
557 1194 710 1260 affinitate
732 1198 917 1262 coniunctas
939 1216 1022 1279 esse,
1047 1218 1139 1280 quam
1164 1198 1254 1281 alias,
1278 1220 1409 1282 quarum

307 1320 411 1367 sermo
435 1302 650 1368 alliteratione
674 1310 795 1368 careat.
850 1305 953 1387 Ergo,
978 1306 1064 1387 quod
1087 1325 1184 1390 supra
1207 1307 1334 1387 dictum,
1358 1309 1405 1372 iu·

305 1408 426 1475 santiae
450 1410 570 1494 potius,
608 1410 785 1493 imperitiae
807 1413 983 1494 cuiusdam,
1019 1432 1095 1477 usus
1118 1414 1261 1496 vulgaris
1284 1415 1407 1497 siguum

305 1516 336 1580 in
361 1517 554 1601 singularum
577 1518 754 1602 linguarum
777 1520 845 1585 vita
868 1539 939 1584 eam
961 1521 1147 1604 putaverim,
1173 1542 1265 1604 quam
1287 1530 1407 1587 eertum

305 1624 509 1692 communis
534 1627 697 1709 originis
721 1627 900 1710 vestigium.

393 1732 458 1799 Sed
493 1735 555 1798 iam
584 1753 733 1799 conemur
761 1754 860 1817 agere
888 1736 928 1800 de
952 1736 1117 1819 principiis
1144 1737 1227 1801 illius
1250 1735 1406 1801 formulae

306 1844 338 1908 in
367 1844 478 1927 lingua
504 1843 614 1906 latina.
671 1841 723 1905 Ad
751 1843 1082 1926 quaeconstituenda
1109 1865 1211 1928 nuper
1238 1844 1405 1928 plurimum

303 1950 654 2017 concursatorem
682 1950 714 2013 n
741 1951 825 2033 usu,
861 1951 912 2015 cu
938 1952 1101 2035 inscripsit
1126 1936 1310 2032 ,drusae
1333 1953 1405 2017 ser-

297 2068 391 2145 trttge
407 2058 659 2123 nurGeschichte
674 2057 732 2121 der
748 2056 1124 2142 lateinischenSprache“
1142 2080 1174 2143 p.
1188 2058 1400 2143 ros-188,

301 2188 394 2251 quem
417 2167 451 2230 in
473 2166 533 2229 hac
556 2165 821 2229 commentatione
845 2166 1013 2247 sequimur.

389 2273 621 2357 Antiquissima
656 2279 763 2337 aetate
792 2273 946 2337 sermonis
974 2273 1063 2338 latini
1086 2275 1138 2338 rel
1160 2274 1193 2339 in
1222 2276 1401 2341 oratione

300 2382 479 2469 pedestri
502 2380 584 2443 hanc
607 2379 741 2462 figuram
764 2380 914 2462 viguisse,
946 2382 981 2462 si,
1012 2401 1094 2465 quae
1117 2402 1215 2466 supra
1243 2383 1283 2446 de
1311 2383 1399 2447 initio

298 2500 394 2575 atque
411 2491 535 2574 origine
552 2488 772 2553 ailiterationis
789 2490 963 2553 constituta
980 2497 1061 2571 sunt,
1078 2498 1273 2574 reputamus,
1290 2492 1399 2554 mirum

297 2602 360 2664 iam
384 2619 448 2663 non
463 2597 600 2661 videtur.
633 2597 683 2660 Ex
698 2597 878 2680 proverbiis
894 2596 991 2680 igitur
1016 2597 1232 2681 similibusque
1254 2598 1396 2664 dictioni·

296 2709 366 2787 bus,
402 2725 535 2789 quarum
570 2706 597 2768 si
624 2724 689 2769 uon
724 2724 850 2788 semper
877 2704 989 2784 forma,
1025 2711 1058 2769 at
1092 2713 1181 2770 corte
1208 2706 1301 2788 origo
1331 2707 1399 2771 sine

296 2815 421 2898 rythmo
453 2814 502 2877 vel
531 2819 633 2876 metro
661 2811 756 2874 luisse
792 2813 902 2893 debet,
939 2813 1186 2878 alliterationem
1221 2814 1398 2878 effloruisse

296 2921 508 2988 confitendum
525 2927 583 2984 est.
623 2919 749 2982 Deinde
766 2919 938 2985 alliteratio
957 2940 1055 3005 saepe
1079 2921 1303 3005 adhibebatur,
1328 2941 1397 2985 cum

296 3031 367 3113 quis
396 3027 625 3112 significantius
655 3033 688 3090 et
715 3029 957 3111 sententiosius,
994 3029 1175 3094 sollemnius
1204 3035 1237 3093 et
1268 3030 1397 3111 gravius

294 3137 413 3219 aliquid
436 3134 662 3221 pronunciare,
688 3134 885 3216 confirmare,
911 3137 1131 3202 demonstrare
1154 3137 1266 3215 vellet,
1291 3157 1395 3219 quam·

295 3245 405 3310 obrem
443 3242 598 3308 formulae
638 3242 821 3324 sollemnes,
865 3243 1020 3308 formulae
1059 3245 1227 3329 precandi,
1263 3264 1395 3309 normae

291 3353 368 3416 iuris
392 3352 444 3416 vel
467 3351 563 3415 divini
586 3351 638 3414 vel
661 3349 797 3433 profani,
822 3352 934 3434 qualos
958 3352 1075 3416 multae
1091 3352 1228 3416 orationi
1252 3351 1396 3436 pedestri

292 3459 489 3524 addicendae
513 3465 586 3522 sunt
610 3454 651 3539 (u.
675 3457 798 3522 Jordan
826 3458 846 3522 l.
871 3459 892 3523 l.
917 3481 948 3544 p.
977 3454 1196 3543 179.-184.),
1233 3481 1296 3524 non
1319 3479 1395 3524 raro

292 3567 509 3633 alliteratione
533 3571 665 3630 ornatae
690 3572 791 3629 erant.
838 3565 911 3630 Non
932 3586 1053 3650 paucae
1069 3576 1175 3631 tamen
1197 3568 1254 3631 ilio
1279 3573 1394 3632 ornatu

290 3676 454 3743 carebant.
511 3673 626 3756 Itaque
654 3692 756 3755 neque
784 3674 925 3756 rythmus
954 3693 1058 3759 neque
1087 3675 1260 3739 alliteratio
1283 3677 1316 3740 in
1340 3676 1390 3740 his

288 3782 433 3850 formulis
456 3761 679 3846 necessaria
702 3788 802 3845 eraut.
1253 3862 1257 3869 ι

376 3888 468 3968 Quod
496 3908 673 3954 sermonem
695 3889 878 3973 pedestrem
894 3890 976 3954 adeo
992 3889 1138 3969 ornabat,
1164 3891 1388 3976 amplificabat,

286 3999 519 4085 locupletabat,
555 3999 659 4081 poetis
694 3997 816 4062 scilicet
849 3997 1075 4078 antiquissimis
1105 4006 1269 4082 acceptum
1308 4005 1388 4080 erat,

285 4108 459 4193 praecipue
489 4105 657 4171 Germanis
687 4111 719 4168 et
747 4104 907 4168 Romanis.
965 4104 1079 4187 Itaque
1108 4125 1178 4169 cum
1207 4105 1240 4168 in
1265 4125 1388 4189 compa·

284 4217 385 4282 nanda
402 4235 510 4281 eorum
526 4213 730 4296 reliquiarum
745 4212 863 4295 indole,
881 4211 1014 4296 origine,
1037 4213 1172 4279 historia
1189 4213 1387 4298 grammatici
