3259 4975
750 386 948 451 ..2-

170 566 207 583 ”
234 566 275 615 ²³
375 554 545 665 10000111,
562 576 655 669 ¹quod
679 583 767 649 multi
791 591 923 650 nostrae
952 585 1068 651 aetatis
1097 592 1214 673 poetae
1238 586 1399 667 Germani,

303 693 446 759 omnibns
463 691 607 756 artificiis
625 690 858 776 confarreandi,
880 699 915 758 ut
935 693 982 757 ita
1002 694 1113 777 dicam,
1135 694 1401 760 homoeoteleutis

298 821 410 867 versus
435 820 509 865 suos
533 800 628 883 plane
652 800 825 883 exhaustis,
862 800 903 863 ad
937 807 1097 865 vetustum
1124 802 1212 866 illum
1243 823 1330 867 usum
1353 821 1401 867 10·

301 910 441 990 dierunt,
478 907 631 991 imprimis
660 906 721 989 illi,
758 908 810 991 qui
838 914 1027 991 argumenta
1056 928 1113 973 suu
1140 916 1174 973 et
1208 909 1333 974 fabulas
1362 928 1402 975 ex

299 1017 435 1081 heroicis
459 1021 591 1079 nostrae
616 1014 720 1097 gentis
744 1015 940 1101 temporibus
963 1017 1207 1103 depromebant,
1243 1023 1277 1082 ut
1306 1018 1402 1083 rebus

300 1124 439 1206 antiquis
463 1122 626 1203 antiquum
650 1120 765 1187 darent
788 1122 937 1187 colorem.

389 1232 503 1314 Itaque
520 1229 637 1294 factum
654 1236 712 1312 est,
737 1230 852 1294 utiam
873 1230 989 1313 ubique
1009 1231 1041 1293 in
1061 1230 1251 1295 carminibus
1272 1236 1403 1296 nostrae

302 1338 408 1421 gentis
442 1345 538 1420 atque
574 1337 690 1401 aetatis
717 1337 802 1401 illam
832 1337 959 1401 dicendi
985 1337 1120 1420 figuram
1148 1338 1343 1403 inveniamus
1371 1347 1405 1403 et

302 1446 344 1509 ad
360 1466 429 1509 eam
445 1444 685 1530 percipiendam
704 1466 722 1508 a
738 1445 847 1530 pueris
864 1444 1093 1527 quodammodo
1110 1444 1284 1510 assuefacti
1297 1446 1403 1526 simus,

301 1552 405 1635 magis
433 1550 577 1637 profecto
606 1552 779 1617 assuefacti
804 1574 897 1636 quam
928 1553 1080 1633 aequales
1108 1553 1224 1635 nostri,
1260 1553 1405 1635 quinon

304 1659 367 1723 sint
383 1657 545 1722 Germani.
594 1657 664 1737 Qua
688 1660 728 1723 de
752 1681 850 1724 causa
874 1681 893 1722 a
916 1659 1111 1724 nostratibus
1127 1661 1341 1741 grammaticis
1365 1661 1405 1724 de

303 1766 518 1831 alliteratione
545 1766 718 1831 identidem
747 1768 942 1851 disputatum
970 1774 1033 1847 est,
1070 1768 1110 1829 ab
1146 1766 1278 1831 aliorum
1306 1788 1405 1853 popu·

302 1873 403 1939 lorum
439 1874 514 1938 viris
550 1874 654 1938 doctis
689 1874 771 1939 hanc
805 1874 1023 1957 quaestionem
1058 1872 1220 1957 omnino*)
1251 1875 1320 1939 sere
1354 1895 1404 1939 ne·

302 1980 441 2067 glectam
464 1979 616 2045 videmus.

390 2088 498 2172 Atque
521 2089 548 2152 si
570 2087 725 2153 hocloco
750 2088 790 2152 de
809 2088 1032 2152 alliterationis
1049 2108 1107 2152 usu
1122 2087 1270 2153 Plautino
1295 2089 1405 2173 paucis

307 2197 467 2261 disserere
491 2203 625 2261 conatus
649 2216 726 2278 sum,
752 2214 791 2259 ea
815 2196 855 2259 de
880 2216 977 2259 causa
1000 2195 1069 2275 feci,
1095 2196 1188 2277 quod,
1215 2217 1277 2278 qna
1293 2203 1408 2258 natura

305 2309 400 2387 atque
424 2304 531 2369 indole
559 2302 639 2367 haec
667 2302 822 2368 orationis
845 2303 948 2385 figura
975 2304 1008 2365 in
1034 2303 1142 2385 lingua
1171 2304 1271 2366 latina
1300 2302 1405 2384 fuerit,

305 2431 345 2476 cx
368 2410 498 2475 Plauti
533 2404 680 2500 sermone
715 2410 834 2496 optime
869 2411 1094 2494 aptissimeque
1123 2410 1277 2495 explicari
1297 2407 1407 2496 'posse

308 2521 508 2586 crediderim.
566 2518 775 2584 Nihilominus
804 2519 911 2581 facere
939 2539 1003 2582 non
1031 2539 1175 2603 possum,
1217 2518 1291 2600 quin
1319 2537 1408 2581 usum

307 2628 392 2694 illius
427 2627 583 2692 formulae
611 2627 663 2690 1101
696 2627 726 2689 10
758 2626 830 2690 01110
858 2625 999 2709 priorum
1027 2625 1303 2710 posteriorumque
1331 2632 1407 2688 tem·

306 2757 418 2820 porum
454 2734 663 2799 monumentis
699 2734 876 2818 expendam
912 2740 945 2796 et
977 2736 1170 2797 const'tnere
1209 2733 1406 2811 contundam,

307 2843 466 2928 quomodo
490 2849 562 2906 0110
586 2842 628 2905 011
652 2841 825 2905 allitcratio
849 2846 882 2904 01
905 2861 999 2923 quam
1022 2842 1084 2903 vim
1107 2840 1224 2904 habeat
1246 2840 1277 2902 10
1301 2838 1408 2922 gentis

307 2951 443 3015 Latinae
479 2967 634 3031 sermone,
671 2948 875 3032 quamobrem
911 2949 1092 3012 decreverit
1119 2955 1153 3012 et
1181 2947 1306 3030 quando
1337 2965 1408 3010 eva·

307 3060 420 3140 000111,
457 3058 530 3141 qnia
557 3056 618 3122 hac
651 3056 838 3140 quaestione
860 3075 935 3119 usus
957 3055 1123 3120 Plautinus
1148 3065 1236 3120 00110
1260 3055 1408 3137 quodam·

308 3165 401 3230 modo
426 3164 645 3230 illustrabitur.

397 3273 458 3337 Rei
492 3272 590 3355 igitur
625 3271 843 3356 explorandae
870 3271 990 3336 initium
1023 3270 1118 3335 altius
1146 3271 1254 3356 paullo
1285 3270 1409 3336 videtur

308 3379 478 3466 petendum
503 3397 589 3444 esse:

397 3486 569 3551 Infantiam
593 3484 682 3569 quasi
708 3486 861 3550 orationis
884 3485 1040 3550 humanae
1064 3486 1189 3549 omniuo
1210 3483 1312 3564 magis
1335 3482 1410 3564 lege

310 3595 473 3660 affinitatis
498 3601 531 3659 01
555 3594 775 3675 similitudinis,
802 3614 895 3677 quam
919 3593 1084 3656 varietatis
1103 3591 1201 3653 uerba
1220 3608 1410 3671 componere
1470 3585 1473 3588 ’

308 3706 340 3768 10
365 3701 563 3784 effingendis,
594 3720 675 3784 quae
704 3702 890 3781 sentiantur,
920 3710 985 3764 tam
1008 3697 1180 3762 verisimile
1209 3703 1304 3780 atque
1329 3715 1410 3760 com·

310 3809 535 3894 prehensibile,
559 3831 652 3894 quam
677 3829 846 3876 esserum
873 3808 1000 3872 ratione
1027 3812 1061 3870 et
1083 3811 1199 3869 natura
1222 3811 1282 3870 est.
1329 3803 1409 3869 (lon-

310 3972 522 3982 --.-----—-

401 4059 428 4127 1)
448 4060 695 4132 exceptoHavet,
710 4052 1410 4128 0011011111ᾱο80101010101100100110100

311 4149 399 4216 Paris,
420 4148 496 4222 1880,
515 4167 542 4228 p.
562 4147 623 4216 424,
643 4147 751 4205 uberius
771 4145 804 4200 da
824 4146 874 4209 hac
893 4144 1021 4202 orationis
1039 4143 1124 4228 figura
1143 4142 1206 4228 ogit,
