3259 4975
711 439 909 503 ,9-

258 641 348 701 certe
363 656 426 701 non
443 636 490 700 ita
507 642 600 702 acute
616 636 745 701 auribus
760 636 960 722 impingitur;
984 643 1050 703 tnm
1071 638 1150 704 duas
1171 639 1203 703 in
1224 638 1360 725 singulis

257 742 460 808 hemistichiis
484 744 586 808 factas
610 744 819 811 demonstrat.
866 745 931 811 Sed
946 747 1089 829 quamvis
1109 754 1241 832 praeter
1262 766 1360 813 voces

259 850 331 914 illas
363 851 521 930 „alternei
549 852 753 937 advocapit“,
797 850 980 933 „incurrere
1008 850 1059 921 in“
1104 849 1160 934 „fn
1191 849 1282 921 iere“
1317 853 1361 937 (r.

131 973 135 979 ·
256 956 381 1022 Jordan
401 958 422 1021 l.
443 958 464 1023 l.
487 980 518 1044 p.
544 957 616 1023 192.
642 967 675 1025 et
692 956 781 1043 203.)
806 958 838 1024 in
854 979 949 1025 versu
965 964 1060 1027 tertio
1077 962 1173 1027 etiam
1190 971 1302 1043 „satur
1317 998 1361 1009 -

257 1064 319 1131 sali
349 1064 422 1131 sta“
452 1066 593 1131 fortasse
621 1074 658 1131 ut
681 1066 853 1132 ailiteratio
878 1069 978 1133 audiri
1007 1071 1119 1154 possit,
1155 1090 1237 1155 qnae
1264 1071 1361 1136 etiam

257 1174 381 1237 acuitur
421 1194 501 1239 voce
543 1173 723 1255 ,aemunis“
769 1174 905 1260 proximi
948 1171 1116 1261 versnsi),
1161 1185 1268 1243 temen
1306 1178 1362 1243 illa

257 1280 430 1346 ailiteratio
455 1302 524 1346 cnm
547 1291 678 1347 nostrae
702 1284 809 1365 gentis
843 1283 1058 1348 aliitoratione
1086 1286 1262 1371 comparari
1296 1307 1360 1351 non

255 1395 373 1473 potest,
399 1390 515 1473 ubique
538 1390 663 1455 libera
687 1398 745 1470 est,
771 1411 835 1455 non
859 1389 1012 1475 legalis.

344 1494 457 1579 Neque
496 1497 622 1562 maioris
661 1499 809 1563 momenti
847 1505 898 1563 est
931 1499 1106 1565 ailiteratio
1141 1498 1174 1563 in
1213 1500 1361 1566 carminis

257 1602 415 1673 Saliorum
438 1606 583 1669 versibus

300 1710 406 1775 divum
430 1716 537 1796 empta
560 1711 652 1777 cainte
676 1712 780 1777 dirdm
805 1712 867 1778 deo
891 1714 1091 1799 sdpplicsinte

415 1827 449 1885 et

302 1932 385 2012 qdne
408 1932 501 1995 tonte
524 1928 675 1994 Leucetie
699 1949 778 2013 prae
802 1929 858 1993 ted
881 1936 1019 1995 tremont
1042 1922 1258 2017 [homenes]*)

343 2036 425 2101 Nam
468 2058 538 2101 oum
580 2037 611 2101 in
658 2037 775 2121 prioris
818 2056 930 2101 versus
969 2040 1110 2103 secundo
1162 2038 1361 2105 hemistichia

261 2140 386 2224 „dimin
411 2141 504 2226 deo“,
539 2144 572 2209 in
600 2145 779 2229 posteriore
816 2165 911 2208 versu
941 2143 1078 2226 ,iona‘s“
1111 2154 1145 2213 et
1176 2146 1358 2229 „iremont“

255 2252 314 2315 sub
338 2253 435 2315 ictum
457 2271 520 2315 non
545 2252 671 2331 cadant,
700 2252 801 2316 minus
830 2252 956 2318 auditas
979 2272 1035 2319 eas
1058 2275 1132 2320 esse
1155 2256 1355 2335 crediderim,

256 2378 349 2443 quam
384 2358 630 2423 alliterationem
665 2358 750 2423 illam
784 2361 816 2423 in
851 2362 971 2427 nostris
998 2363 1143 2428 versibus
1171 2364 1356 2449 legitimam,

254 2465 540 2532 Hildebrandslied
562 2489 591 2530 v.
617 2466 669 2530 22.

414 2572 488 2641 hrirt
509 2575 542 2638 in
566 2572 643 2641 hdre
668 2572 747 2641 barn
770 2577 951 2660 unwahsan,

158 2735 162 2740 .
254 2679 305 2746 vel
328 2682 469 2746 eiusdem
493 2683 641 2747 carminis
664 2683 696 2746 in
720 2705 748 2746 v.
770 2683 824 2750 51.

415 2791 541 2872 wanga
564 2813 606 2854 nu
628 2791 762 2856 waltant
785 2796 857 2876 got!
882 2796 1019 2859 wewnrt
1041 2793 1148 2876 skihit,

255 2917 336 2982 quae
360 2898 532 2963 cuiusvis
555 2887 668 2964 versus
693 2898 893 2965 hemistichia
922 2902 1073 2966 continet.

343 3006 380 3069 ln
404 3006 522 3070 tabulis
545 3007 688 3089 Iguvinis
703 3008 763 3072 hio
790 3009 856 3072 illic
883 3008 1118 3074 alliterationes
1145 3008 1356 3094 inveniuntur,

255 3134 334 3198 quas
357 3114 482 3179 Jordan
510 3121 734 3179 commemorat
768 3112 848 3198 (1.1.
873 3137 904 3200 p.
932 3111 1030 3200 185),
1060 3116 1117 3182 sed
1145 3124 1279 3182 metrum
1312 3117 1356 3181 in·

254 3229 373 3286 certum
398 3228 458 3286 est.

342 3329 481 3394 Restant
516 3330 578 3394 duo
615 3328 765 3411 carmina,
802 3350 935 3412 qnorum
969 3330 1106 3396 alterum
1140 3330 1356 3399 aliiteratione
1394 3398 1397 3404 .

254 3435 422 3502 immodica
457 3436 607 3516 abundat,
644 3435 777 3499 alterum
811 3438 843 3501 in
877 3438 960 3501 binis
995 3439 1131 3503 cuiusvis
1159 3461 1273 3504 versus
1302 3442 1355 3507 he·

255 3543 419 3608 mistiohiis
447 3544 661 3608 alliteratione
685 3551 830 3608 ornatum
853 3545 987 3625 videtur,
1013 3565 1140 3611 carmen
1157 3545 1356 3613 Corfiniense

257 3645 300 3734 (v.
324 3651 457 3716 Fiorelli
487 3658 653 3716 comment.
683 3650 759 3734 phil.
788 3651 822 3716 in
849 3652 924 3718 hon.
948 3651 1132 3718 Mommseni
1160 3676 1192 3738 p.
1219 3652 1293 3718 768.
1322 3663 1356 3721 ct

256 3757 414 3824 thheier
430 3779 509 3824 mus.
526 3759 628 3824 Rhen.
647 3757 699 3841 33,
716 3780 747 3842 p.
766 3756 841 3824 271.
860 3753 944 3843 squ.)
962 3766 995 3824 et
1011 3779 1137 3826 carmen
1152 3759 1355 3827 Boviancnse

257 3861 298 3948 (v.
322 3865 419 3931 Fabr.
444 3865 532 3930 2873
559 3891 588 3920 =
612 3865 693 3950 Eph.
718 3865 819 3950 epigr.
844 3863 982 3952 2,189).

345 4111 371 4180 ⁴i)
392 4112 424 4168 de
443 4115 494 4169 hac
512 4129 540 4168 re
559 4117 655 4184 postea
673 4112 781 4168 uberius
800 4113 879 4168 nobis
898 4113 1029 4184 agendum
1047 4116 1097 4168 est.

327 4201 372 4273 st)
391 4220 415 4258 v.
435 4203 540 4259 Jordan
559 4203 575 4258 l.
595 4203 613 4256 l.
631 4220 658 4274 p.
678 4203 739 4258 222.
