3259 4975
761 475 982 541 ..22-

279 642 281 645 1
319 676 449 741 iunctae
487 694 523 739 sc
558 676 694 759 erigunt,
728 674 899 755 illustrant,
936 679 1078 756 tuentur3
1115 672 1302 739 debilitatur
1335 670 1424 737 acies

323 783 588 870 expeditionibus,
613 782 833 848 distrahuntur
857 782 953 846 vires.
992 855 994 858 ,

407 926 521 1011 Itaque
544 926 685 1012 partitio,
713 944 776 1008 qua
800 925 938 990 Lochias
961 925 1127 989 materiem
1156 945 1243 990 suam
1268 922 1425 1009 disponit,

322 1055 395 1102 non.
408 1037 455 1098 ita
478 1041 556 1119 apta
578 1034 626 1098 rei
648 1038 745 1115 atque
769 1033 1008 1098 accommodata
1031 1034 1167 1097 videtur.

408 1177 510 1242 Nobis
537 1177 704 1242 tenendum
729 1184 788 1257 est,
821 1175 906 1259 quod
940 1178 1002 1240 iam
1038 1196 1136 1261 supra
1171 1175 1425 1241 commemoravi·

320 1304 402 1367 mus,
427 1285 663 1366 identidemque
686 1284 901 1348 revocandum
925 1285 1018 1349 nobis
1046 1284 1078 1347 in
1101 1290 1252 1365 mentem,
1283 1283 1425 1364 quamvis

320 1390 546 1457 alliterationis
569 1392 617 1453 vis
641 1398 805 1473 augeatur,
841 1399 982 1475 acuatur,
1016 1392 1243 1456 corroboretur
1276 1391 1426 1473 quodam·

321 1498 417 1564 modo
441 1498 672 1583 paronomasia,
698 1500 851 1582 quamvis,
876 1500 904 1563 si
928 1519 1169 1583 synonymorum
1207 1498 1355 1578 societas,
1390 1505 1426 1562 ut

318 1608 363 1673 ita
387 1607 499 1685 dicam,
529 1605 668 1669 arctiore
691 1606 775 1670 illius
799 1606 925 1671 vinculo
959 1607 1000 1671 sit
1035 1614 1158 1686 ornata,
1195 1626 1290 1670 aures
1324 1606 1425 1688 magis

318 1695 577 1800 permulceantur
606 1711 837 1797 voluptatequc
866 1713 1111 1797 perfundantur,
1146 1720 1252 1778 tamen
1286 1712 1425 1776 allitera·

320 1822 439 1886 tionem
453 1840 526 1883 non
548 1841 594 1883 un
604 1820 768 1884 iversam
783 1819 895 1885 confici
911 1821 968 1883 illa
985 1822 1185 1906 appositione
1198 1819 1426 1884 sententiarum

319 1930 371 1993 vel
387 1926 589 2013 oppositione
607 1946 720 1991 sensus
737 1962 782 1995 -,
796 1928 857 1991 nisi
874 1927 944 2010 quis
959 1936 1083 2009 partem
1100 1948 1159 2013 pro
1175 1934 1245 1993 toto
1261 1928 1360 1991 vellet
1376 1946 1426 1992 ac·

320 2037 428 2122 cipere
452 2070 495 2079 —
519 2053 622 2116 neque
647 2036 797 2100 omnino
823 2035 925 2099 exiis
949 2037 1102 2120 pendere,
1127 2043 1231 2100 tamen
1257 2033 1422 2098 alliterati·

321 2163 412 2209 onem
437 2143 488 2206 vel
511 2150 643 2206 externa
666 2143 807 2207 locorum
838 2144 1001 2207 vicinitate
1028 2142 1116 2207 nasci
1144 2162 1252 2227 posse,
1281 2162 1343 2205 una
1370 2141 1427 2205 illa

322 2270 491 2335 corporum
515 2251 762 2331 consociatione,
787 2252 807 2313 i.
834 2233 861 2315 e.
886 2252 1056 2315 verborum
1080 2252 1111 2313 in
1128 2250 1254 2332 agmine
1271 2249 1425 2313 sermonis

321 2357 591 2442 assequentium,
617 2377 699 2440 quae
721 2376 784 2420 non
809 2358 870 2421 nisi
894 2360 1025 2443 paribus
1050 2358 1146 2421 initiis
1176 2356 1236 2421 sibi
1272 2356 1355 2419 inter
1390 2376 1426 2420 se

321 2466 530 2546 destinentur,
556 2466 616 2530 etsi
646 2487 753 2530 eorum
786 2466 873 2530 velut
908 2467 1001 2530 animi
1035 2465 1087 2529 vel
1122 2484 1184 2530 non
1220 2464 1426 2529 consentiant

320 2575 371 2638 vel
396 2573 492 2657 plane
517 2573 635 2637 diversi
660 2574 732 2637 sint.

411 2715 464 2781 Sin
488 2717 592 2780 altera
617 2723 773 2800 exparte
798 2692 867 2800 quis
892 2716 923 2780 in
949 2717 1183 2781 consideranda
1211 2715 1427 2780 alliteratione

321 2824 596 2889 annominationes
621 2825 752 2906 neglegi
775 2826 827 2888 vel
850 2825 946 2908 plane
969 2824 1181 2906 praetermitti
1206 2843 1303 2906 posse
1320 2830 1423 2909 putat,

319 2932 412 2996 nobis
437 2931 633 3012 angustioris
659 2931 753 2994 animi
770 2933 908 3014 videtur;
935 2953 953 2994 a
970 2932 1185 3014 disputatione
1200 2931 1299 3013 igitur
1315 2938 1426 2994 nostra

320 3041 418 3120 locos,
443 3037 474 3101 in
501 3038 615 3120 quibus
641 3039 797 3101 eomodo
823 3048 937 3102 ornata
961 3047 1057 3120 atque
1070 3039 1231 3101 illustrata
1251 3038 1425 3101 alliteratio

320 3147 411 3211 nobis
435 3146 620 3224 occurrerit,
645 3165 708 3208 non
734 3165 944 3225 secernamus,
971 3147 1045 3228 quia
1069 3146 1120 3208 vol
1149 3145 1273 3208 illarum
1305 3145 1425 3209 festivi·

320 3261 429 3332 tatum,
455 3271 494 3316 ne
518 3253 629 3332 dicam,
654 3255 757 3316 anima
782 3260 833 3316 est
856 3253 1040 3330 alliterati0,
1066 3259 1210 3316 atcerte
1243 3252 1425 3316 necessaria

320 3381 407 3445 pars,
433 3366 466 3423 et
489 3359 563 3440 quia
587 3359 722 3423 cultiore
756 3361 811 3423 illa
846 3361 952 3443 specie
985 3360 1027 3423 ad
1062 3359 1289 3424 declarandam
1323 3361 1425 3424 tenui·

322 3489 418 3548 orem,
459 3465 631 3530 artificiosa
667 3467 707 3528 ad
745 3468 982 3551 percipiendam
1016 3466 1197 3531 naturalem
1232 3468 1325 3531 nobis
1359 3489 1424 3532 non

319 3595 452 3660 parvum
492 3573 706 3636 adiumentum
746 3575 871 3639 videtur
910 3575 1028 3638 afferri.
1099 3573 1176 3638 Cum
1212 3577 1294 3639 enim
1329 3574 1424 3640 altius

321 3681 540 3766 percutiantur
565 3700 667 3760 aures,
695 3681 823 3746 aisono
858 3682 913 3745 illo
947 3688 1081 3746 ornante
1109 3682 1210 3745 verba
1244 3701 1340 3746 sensu
1374 3701 1424 3746 co·

322 3795 420 3872 gnata
442 3787 562 3851 firmius
587 3789 677 3869 quasi
703 3796 735 3852 et
759 3790 877 3854 arctius
900 3785 1196 3871 „confarreentur“,
1224 3789 1318 3852 velsi
1340 3789 1425 3854 inter

321 3915 356 3960 se
380 3895 593 3980 repugnantia
618 3903 649 3958 et
673 3898 823 3980 opposita
853 3896 940 3960 velut
962 3897 1061 3960 invita
1085 3903 1118 3960 et
1144 3897 1174 3958 vi
1191 3902 1304 3960 coacta
1328 3902 1424 3979 atque

321 4002 478 4067 conducta
500 4002 560 4066 hoo
584 4001 676 4066 simili
694 4010 785 4084 gestu
809 4003 969 4084 incedant,
1000 4003 1107 4085 credo,
1132 4023 1198 4085 eas,
1224 4003 1423 4068 assuefactas

321 4111 363 4174 ad
387 4109 519 4174 delicias
544 4109 696 4174 eiusmodi
722 4111 921 4196 conspicuas,
947 4118 979 4174 et
1001 4110 1142 4174 intentas
1165 4112 1255 4175 novis
1284 4111 1424 4196 percipi·

320 4219 420 4299 endis,
459 4217 511 4281 vel
550 4216 690 4282 minores
729 4216 803 4281 illos
843 4223 1015 4282 concentus
1053 4218 1232 4302 verborum,
1278 4219 1421 4301 quamvis
