3259 4975
729 414 953 477 ..34-

332 610 423 677 Trin.
448 609 512 675 818
543 631 581 675 ee
605 630 666 694 ego
692 630 771 694 ergo
795 610 895 694 igitur
917 612 1002 677 intro

334 716 427 801 Oapt.
451 718 521 799 Ill‚·
537 715 606 800 5‚3:
631 725 721 783 sator
745 725 852 784 sartor
877 720 1031 785 scelerum
1054 727 1089 785 et
1110 739 1234 785 messor
1248 740 1394 783 maxume

332 825 450 891 Pseud.
475 824 541 889 994

290 939 386 1016 atque
410 934 558 1018 accipere
581 941 747 1017 argentum
772 940 913 999 actutum
935 935 1163 1019 mulieremque
1187 935 1334 1000 emittere

334 1040 451 1105 Pseud.
478 1038 564 1105 1123
600 1040 679 1105 ellit.
716 1041 804 1127 dupl.
840 1036 1058 1126 (implicaret

290 1150 310 1211 ei
332 1166 382 1212 me
406 1148 544 1234 accipiat
567 1155 663 1231 atque
687 1149 815 1214 amittat
838 1150 1004 1213 mulierem
1026 1168 1147 1214 mecum

333 1254 451 1320 Bacch.
477 1254 541 1319 628

288 1362 389 1427 multa
412 1363 495 1426 mala
518 1363 559 1426 mi
583 1364 670 1427 aeria
695 1370 791 1446 atque
814 1364 932 1427 acerba

338 1468 456 1535 Bacch.
481 1469 547 1533 490

292 1578 423 1661 perdam
447 1578 555 1661 perire
578 1596 627 1641 me
650 1578 741 1641 malis
766 1577 873 1641 malim
895 1578 998 1641 modis

335 1685 401 1748 Mil.
426 1685 507 1765 glor.
534 1683 598 1747 356

290 1793 426 1857 minume
449 1792 550 1856 malas
574 1828 616 1837 -
640 1792 743 1856 malae
767 1792 841 1856 mihi
866 1793 987 1857 selaest
1010 1827 1052 1837 -
1078 1794 1219 1879 superfit.

335 1900 423 1964 Tria.
449 1898 513 1963 ‘265

288 2007 511 2092 praecipitavit
535 2008 625 2090 peius
649 2007 801 2091 perit-
825 2026 903 2071 saxo
928 2007 1033 2072 saliat.

452 2114 529 2178 ibid.
554 2114 618 2177 268

294 2224 460 2311 profanum
485 2222 643 2307 puplicum
668 2222 825 2305 privatum
848 2222 945 2286 habet
969 2222 1074 2285 hiulca

453 2330 529 2394 ibid.
558 2328 619 2393 102

292 2474 335 2484 -
360 2439 445 2505 cives
468 2437 607 2503 comedis
632 2472 675 2481 -
699 2438 787 2520 parvi
811 2436 954 2522 pendere

336 2546 424 2610 Trin.
449 2545 513 2608 829

293 2655 485 2740 pauperibus
508 2671 643 2736 parcere
666 2687 710 2698 -
734 2652 810 2717 ditis
836 2652 1012 2737 dampnare
1036 2687 1079 2697 —-
1108 2651 1237 2718 domare

297 2805 300 2810 ,
338 2762 455 2826 Pseud.
476 2755 544 2823 '217

294 2877 328 2935 tn
351 2903 395 2915 -
418 2869 477 2932 tibi
501 2902 542 2912 —-
565 2873 615 2932 tot
639 2900 679 2912 -
705 2875 770 2932 tam
794 2867 866 2933 oleo
890 2873 1022 2933 onustes

339 2977 406 3040 Mil.
433 2973 496 3038 198
595 3007 597 3011 -

296 3084 402 3148 dolum
426 3082 538 3147 doloso
564 3088 677 3146 centra
701 3103 857 3148 conserve

339 3191 421 3256 Rnd.
446 3189 504 3271 Ill,
529 3188 606 3270 4,29

295 3297 363 3365 tu'n
386 3295 559 3362 trifurcifer

340 3407 433 3470 True.
457 3404 516 3486 IV,
544 3401 595 3485 1,5

297 3515 381 3579 dena
405 3513 553 3576 deamata
576 3518 782 3596 acceptaque.

387 3617 456 3696 Qus
485 3619 568 3700 loco,
598 3618 683 3701 qued
705 3617 848 3682 Naelrins
882 3619 1049 3682 observari
1084 3618 1161 3699 vult,
1197 3638 1260 3681 non
1292 3616 1400 3699 negle-

297 3727 433 3812 gendum
457 3745 530 3790 esse
554 3726 715 3791 existimo:
741 3732 848 3790 menet
872 3725 956 3790 enim
984 3725 1227 3809 sapientissime,
1266 3724 1400 3788 alteram

297 3834 551 3914 alliterationem,
577 3851 659 3916 quae
683 3833 803 3898 sisela
827 3841 861 3898 et
884 3832 1039 3896 destituta
1072 3831 1105 3893 in
1139 3831 1254 3895 finibus
1289 3850 1401 3895 versus

298 3948 431 4023 erraret,
457 3958 551 4004 aures
567 3940 694 4023 lugeret
714 3946 748 4004 et
772 3940 891 4022 oeulos,
915 3939 1063 4002 facillime
1079 3928 1296 4020 evanesceret,
1321 3959 1400 4001 suru-

296 4067 430 4134 mopere
453 4047 601 4112 adiuvari
625 4047 729 4110 altera
751 4047 803 4112 vel
826 4045 1041 4134 compluribus
1076 4065 1147 4111 eam
1183 4045 1400 4129 subsequenti·

298 4156 368 4242 bus,
405 4176 473 4222 cum
498 4149 698 4245 (coniunctae
721 4160 755 4227 et
775 4155 837 4219 sibi
858 4150 1107 4247 respondentes)
1141 4153 1244 4226 altera
1267 4153 1402 4224 alteram
