3259 4975
756 419 955 483 ..g-

244 679 246 683 .
302 637 373 681 eam
396 620 525 681 exstare
549 620 715 701 oporteret
722 640 730 700 ;
765 622 937 703 praeterea
964 622 1069 681 autem
1098 636 1154 683 eos
1176 616 1271 681 modo
1295 636 1406 683 versus

302 722 531 811 acciperemus,
566 725 599 787 iu
628 744 759 807 quorum
788 730 925 807 utroque
953 723 1152 789 hemistichio
1176 724 1321 809 singulae
1345 725 1406 808 syl·

300 830 405 915 labae,
430 832 643 897 alliteratione
668 831 865 913 coniunctae,
890 832 959 895 sub
976 832 1091 897 ictum
1107 832 1307 915 caderent,
1333 853 1406 897 nam

301 961 364 1005 non
388 939 448 1005 nisi
471 940 532 1005 hac
565 938 689 1003 ratione
723 938 756 1002 in
779 940 900 1005 nostris
931 939 1122 1005 carminibus
1150 939 1334 1021 alliteratio,
1370 948 1406 1005 ut

299 1047 346 1112 ita
369 1048 481 1129 dicam,
505 1046 621 1130 legalis
645 1046 859 1111 constituitur.

391 1152 447 1220 Sin
475 1154 721 1220 vetustissimum
750 1154 973 1220 clliterationis
1000 1175 1098 1238 usum,
1134 1155 1240 1237 quoad
1275 1155 1404 1239 quidem

300 1283 340 1327 ex
368 1261 538 1327 carminum
568 1262 756 1327 Latinorum
782 1262 925 1347 reliquiis
954 1264 1106 1347 cognosci
1132 1270 1251 1347 potest,
1287 1281 1403 1348 expen-

298 1352 446 1453 derimus,
471 1369 640 1434 admodum
663 1391 795 1455 parvum
822 1390 984 1436 nnmerum
1018 1391 1166 1435 versuum
1197 1373 1403 1455 reperiemus,

300 1499 431 1563 quorum
454 1477 654 1543 hemistichia
681 1477 897 1543 alliteratioue
925 1479 1114 1543 nostratium
1142 1497 1232 1542 more
1260 1479 1403 1543 adbibita

299 1587 535 1671 contineantur3
570 1586 693 1669 itaque,
730 1586 758 1649 si
786 1606 921 1670 uuquam
948 1586 1015 1649 ulla
1043 1592 1152 1651 aetate
1175 1585 1347 1650 alliteratio
1370 1586 1402 1651 iu

297 1696 390 1781 poesi
423 1693 525 1758 latina
559 1694 601 1758 ad
636 1712 747 1757 versus
782 1693 1020 1777 componendos
1054 1694 1283 1757 necessaria
1319 1700 1399 1775 erat,

298 1821 376 1867 sane
398 1801 570 1883 vestigia
592 1801 676 1865 illius
700 1821 776 1864 usus
800 1801 949 1865 leviora
973 1820 1131 1866 essenon
1155 1808 1298 1885 possunt.

387 1908 485 1974 Cuius
520 1908 568 1973 rei
596 1915 784 1991 argumenta
812 1908 956 1972 Henrico
984 1908 1110 1973 Jordan
1145 1908 1310 1989 debemus,
1347 1908 1401 1991 qui

298 2014 334 2101 (l.
358 2017 380 2081 l.
403 2038 435 2101 p.
463 2012 552 2100 172.)
577 2016 781 2099 computavit,
806 2021 884 2098 quot
906 2035 1018 2079 versus
1041 2015 1078 2084 in.
1096 2015 1207 2099 poesis
1232 2015 1343 2100 spicae
1367 2023 1401 2081 et

296 2124 493 2190 dramaticae
528 2124 671 2207 reliquiis
707 2122 955 2187 allitcrationem
971 2118 974 2123 ’
991 2123 1177 2204 ostendant,
1218 2128 1283 2187 tum
1322 2123 1399 2187 anti·

297 2232 466 2315 quissimos
497 2251 610 2296 versus
642 2230 808 2296 Saturnios
843 2232 884 2294 ad
919 2231 1142 2295 alliterationis
1176 2250 1267 2294 usum
1301 2237 1398 2312 atque

294 2340 450 2425 originem
485 2340 707 2410 constituenda
741 2339 933 2424 percensuit.
998 2336 1069 2415 Qua
1106 2338 1233 2402 ratione
1272 2338 1397 2403 demon·

296 2455 432 2532 stratur,
476 2448 508 2512 in
546 2448 697 2534 operibus
736 2446 832 2511 Ennii
871 2446 999 2512 circiter
1037 2445 1205 2530 septimum
1243 2464 1397 2530 quemque

295 2577 431 2638 versum,
455 2556 489 2619 in
509 2554 620 2619 Lucilii
644 2555 806 2636 decimum,
832 2555 863 2618 in
879 2553 1020 2618 Lucretii
1044 2554 1220 2638 septimum,
1244 2554 1277 2617 in
1293 2553 1397 2618 Plauti

294 2685 420 2744 nonum,
444 2665 476 2727 in
491 2663 636 2728 Terentii
659 2663 846 2746 vigesimum
872 2662 1086 2726 alliteratione
1109 2680 1182 2726 esse
1206 2661 1395 2746 praeditum,

294 2780 361 2839 tum
393 2773 426 2834 in
460 2770 603 2854 reliquiis
636 2768 729 2852 Livii,
768 2769 892 2850 Naevii,
927 2768 1169 2853 inscriptionum
1197 2769 1335 2853 sepulcr.
1365 2777 1398 2834 et

295 2881 428 2945 votivar.
469 2878 610 2961 quintum
653 2876 721 2940 scre
763 2897 890 2942 versum
927 2874 1174 2940 alliterationem
1217 2878 1396 2958 ostendere,

293 3008 363 3054 cum
402 2987 434 3050 iu
480 2993 605 3049 centum
650 2985 820 3068 sexaginta
866 3006 924 3049 av.
964 2984 1114 3049 saturniis
1154 2983 1288 3066 triginta
1328 2984 1396 3050 fere

290 3093 524 3160 alliteratioues
540 3091 752 3156 inveniantur.
782 3091 866 3156 Sane
882 3099 977 3156 tenue
993 3092 1163 3173 vestigium
1177 3093 1397 3156 necessarii

292 3203 377 3267 illius
399 3201 522 3284 figurae
545 3219 632 3264 usus.

383 3309 433 3373 Ne
461 3309 495 3372 in
518 3307 680 3372 Arvalium
705 3312 738 3371 et
758 3304 915 3371 Saliorum
941 3307 1068 3390 quidem
1093 3307 1292 3390 carminibus,
1318 3308 1396 3372 anti·

236 3475 238 3479 ,
294 3416 456 3503 quissimis
495 3414 628 3479 saturnii
657 3414 747 3479 latini
786 3415 944 3497 reliquiis,
981 3414 1154 3480 alliteratio
1194 3415 1306 3480 similis
1345 3423 1396 3481 est

295 3523 518 3606 alliterationi‚
555 3543 648 3604 quam
677 3523 707 3586 in
737 3523 856 3587 nostris
882 3523 1046 3604 „versibus
1068 3521 1194 3606 longis“
1221 3523 1397 3588 adhibitam

293 3633 447 3696 videmus.
503 3629 612 3722 ¹Quare
648 3630 900 3694 concludendum
929 3637 992 3710 est,
1029 3631 1122 3694 etiam
1157 3631 1222 3694 alia
1256 3632 1396 3696 carmina

292 3760 398 3821 sacra,
433 3759 514 3823 quae
538 3737 630 3802 nobis
654 3737 716 3800 iam
739 3758 801 3802 non
826 3744 969 3817 exstant,
1007 3737 1271 3822 alliterationem,
1300 3761 1396 3824 quam

294 3847 429 3913 diximus
452 3846 676 3926 necessariam,
700 3867 764 3910 non
788 3846 981 3910 adhibuisse.

381 3954 564 4038 Pcrexigua
588 3960 638 4018 est
653 3948 832 4017 alliteratio'
850 3953 882 4016 in
906 3953 1044 4018 carmine
1063 3953 1197 4019 fratrum
1220 3955 1393 4036 Arvalium,

292 4064 342 4128 cui
353 4062 478 4127 Jordan
493 4057 528 4146 (l.
542 4060 562 4123 l.
576 4081 607 4145 p.
624 4056 712 4143 176.)
725 4080 820 4124 unam
831 4061 925 4125 modo
942 4061 1191 4127 alliterationem
1207 4064 1395 4128 nostratium

293 4190 380 4237 more
403 4169 576 4236 adhibitam
600 4168 731 4234 addicit.
778 4167 879 4250 Quae,
903 4187 973 4233 cum
988 4170 1152 4236 vocalibus
1171 4171 1393 4252 constituatur,
