3259 4975
654 434 876 499 ...29-

257 632 323 697 Mil.
349 633 429 715 glor.
455 632 519 696 221

213 740 361 804 anteveni
385 740 491 823 aliqua
515 746 611 823 atquc
635 738 740 823 aliquo
765 744 915 805 actutum.

257 848 324 912 Mil.
350 847 430 931 glor.
457 846 521 912 226

213 955 459 1038 comminiscere,
485 953 639 1021 cedodom
663 955 796 1020 calidum
822 954 987 1020 consilinm
1012 954 1086 1020 cito.

257 1062 341 1127 Men.
365 1059 387 1125 5

212 1177 378 1252 argentum
402 1171 539 1255 accipite
563 1178 659 1254 atque
682 1171 819 1235 animum
843 1172 1013 1236 advortite.

194 1317 199 1333 ι
257 1277 406 1343 Pseudol.
432 1276 497 1341 754

212 1386 295 1449 male
318 1386 431 1449 malum
454 1392 560 1451 metuo
584 1384 691 1452 miser.

257 1494 341 1557 Men.
366 1492 432 1556 404

213 1596 386 1686 (supellex)
410 1600 583 1685 pellioniet.
607 1601 700 1685 palus
724 1600 799 1686 palo
823 1608 1052 1685 proxumumst.

256 1708 352 1772 Baco.
382 1707 465 1772 1005

213 1824 264 1880 sat
287 1816 333 1880 sic
357 1824 524 1901 suspectus
548 1835 626 1880 sum.

259 1924 356 1989 Most.
381 1921 446 1986 352

213 2032 290 2095 mali
313 2032 469 2097 maeroris
493 2038 631 2097 montem
654 2051 840 2095 maxumum.

257 2138 349 2225 Oapt.
373 2140 416 2221 V,
442 2138 471 2221 3,
489 2137 510 2203 5

211 2251 305 2332 pater
327 2248 522 2332 peculiarem
544 2247 708 2332 parvolum
733 2267 845 2331 puero.

256 2353 350 2419 Truc.
374 2355 417 2437 II,
443 2355 472 2435 6,
492 2354 512 2419 3

211 2462 329 2529 multos
352 2462 579 2528 memoravisse
604 2461 719 2528 milites
743 2461 951 2527 mendacium.

257 2570 352 2636 Cure.
376 2572 401 2653 I,
427 2571 457 2651 2,
475 2571 518 2634 22

212 2679 361 2760 screanti,
386 2678 501 2759 siccae,
526 2678 744 2744 semisomnus.

256 2784 356 2850 Poen.
381 2785 423 2868 V,
447 2784 478 2869 4,
496 2785 516 2849 9

211 2899 445 2978 praepotentes
467 2894 630 2978 pulchrae,
655 2894 810 2979 pacisque
834 2897 994 2975 potentes.

301 3034 390 3113 Quae
414 3037 631 3102 consideranti
647 3035 773 3102 Naekio
799 3037 826 3100 si
843 3033 878 3120 (l.
894 3036 916 3100 l.
933 3059 965 3122 p.
982 3032 1073 3119 406.)
1091 3019 1341 3100 alliterationis'

211 3162 288 3208 usus
307 3165 541 3228 nonnumquam
563 3140 714 3228 nimius*)
731 3141 868 3225 videtur,
895 3142 1045 3225 dubitem,
1071 3161 1112 3207 an
1128 3144 1319 3228 responderi

211 3251 324 3336 possit,
349 3251 409 3317 hac
432 3251 569 3317 ridicula
585 3250 780 3316 abundantia
795 3251 967 3336 lepidaque
987 3249 1112 3313 luxuria
1133 3249 1316 3331 colorem,

211 3364 247 3421 ut
269 3358 315 3421 ita
339 3359 455 3443 dicam,
486 3361 665 3426 comicum
697 3377 817 3446 saepe
845 3365 936 3443 apte
960 3357 1096 3440 augeri
1126 3363 1163 3422 et
1185 3356 1318 3424 iocose

211 3464 417 3531 illustrari.

299 3609 367 3673 Iam
395 3609 558 3676 veniamus
593 3610 636 3674 ad
670 3610 879 3675 minutiora
913 3616 1038 3675 nostra:
1075 3609 1108 3674 si
1140 3615 1222 3674 tres
1256 3609 1318 3674 vel

213 3716 309 3781 duae
348 3737 464 3783 voces
505 3718 712 3783 continuae
752 3717 1000 3783 alliterationem
1040 3716 1171 3782 faciunt.
1228 3715 1317 3792 Quae

213 3825 340 3908 saepius
379 3824 581 3890 inveniuntur
621 3824 775 3891 dictiones
812 3827 863 3890 hic
904 3843 940 3890 se
983 3829 1160 3890 ostentent:
1200 3829 1317 3906 „pecte

300 3981 327 4044 0)
347 3981 437 4037 Etiam
455 3981 554 4037 Graeci
576 3999 682 4038 vorsum
705 3982 807 4037 habent
830 3983 942 4037 similam
964 3981 1038 4036 illius
1061 3981 1190 4037 Enniani:
1218 3979 1316 4039 outo

210 4073 269 4126 tuta
285 4071 350 4125 'Pati
367 4072 420 4125 tibi
436 4076 514 4126 tanto
531 4077 645 4128 toranne
663 4072 757 4137 tulisti,

268 4157 271 4166 ‘
420 4157 497 4218 πέντε
513 4159 558 4213 καὶ
576 4161 737 4232 πεντήκοντα
758 4158 844 4226 πόδας
860 4157 971 4230 ἐπέδησε
989 4159 1113 4224 cacum
