3259 4975
731 454 929 521 ...16-

368 654 450 721 Nam
474 655 535 721 etsi
558 654 590 719 in
612 653 742 739 linguae
776 660 934 720 nostrae
969 654 1176 736 carminibus,
1201 654 1256 719 ubi
1280 655 1380 721 ailite-

279 761 362 829 ratio
386 762 611 829 necessaria
633 769 693 841 est,
719 780 788 827 eam
813 763 976 828 vocalibus
999 762 1180 847 promiscue
1202 763 1382 829 coniunctis

280 872 482 936 constitutam
498 870 704 934 debeamus
720 869 878 955 accipere,
903 870 963 935 nisi
979 870 1063 935 forte
1078 872 1247 935 verborum
1263 871 1382 937 seriem

281 979 473 1044 carminibus
497 977 702 1043 intersertam
726 998 799 1043 esse
822 985 978 1062 putamus,
1004 996 1086 1061 qnae
1121 998 1233 1043 versus
1257 999 1382 1063 compo·

279 1085 375 1151 nendi
397 1087 513 1151 rationi
536 1092 633 1169 atquc
655 1085 720 1168 legi
745 1086 890 1150 subiecta
913 1104 977 1149 non
1000 1088 1078 1165 sint,
1102 1094 1209 1151 tamen
1231 1086 1381 1152 confiten-

280 1194 353 1259 dum
377 1194 449 1276 erit,
472 1193 523 1257 rel
548 1195 579 1258 in
602 1194 714 1277 lingua
736 1200 846 1257 nostra
870 1193 986 1257 aliam
1010 1193 1253 1259 delectationem
1274 1215 1316 1259 ex
1339 1195 1379 1259 iis

280 1302 409 1383 hauriri,
434 1323 527 1387 qnam
551 1320 591 1366 ex
614 1302 770 1383 versibus,
806 1301 861 1383 qui
889 1303 1129 1367 consonantium
1165 1301 1382 1367 ailiteraticne

243 1479 246 1486 ,
284 1408 517 1475 contineantur.
575 1408 638 1473 Hic
674 1415 724 1473 cst
760 1408 932 1473 eorundem
962 1428 1111 1473 sonorum
1134 1408 1274 1492 iteratio,
1300 1430 1381 1492 quae

282 1535 376 1582 aures
398 1516 605 1602 permulceat,
640 1516 684 1580 ibi
708 1516 873 1580 harmonia
907 1516 1079 1599 variorum3
1114 1516 1166 1580 hic
1200 1523 1260 1599 est,
1295 1516 1382 1599 quod

279 1623 411 1688 dicimus
438 1622 703 1706 „Gleichklang“,
727 1624 785 1703 ibi,
810 1623 896 1705 quod
930 1622 1063 1688 dicimus
1089 1624 1269 1703 „Accord“.
1316 1623 1382 1689 Sed

278 1732 311 1795 iu
327 1732 437 1815 lingua
453 1731 561 1812 latina,
578 1732 631 1795 ubi
646 1730 827 1809 ailiteratio,
844 1764 886 1776 --
897 1731 1002 1813 quoad
1013 1750 1053 1795 ex
1062 1732 1282 1813 monumentis,
1299 1750 1382 1815 quae

278 1839 370 1903 nobis
395 1846 468 1904 sunt
491 1845 631 1918 servata,
656 1840 823 1923 percipere
846 1857 1021 1923 possumus,
1053 1872 1097 1885 -
1121 1858 1288 1921 numquam
1311 1846 1382 1903 crat

279 1945 471 2027 necessitas,
497 1947 550 2010 ubi
574 1946 671 2011 multo
695 1947 794 2010 maior
817 1966 964 2011 uersuum
987 1967 1135 2011 uumerus
1159 1967 1199 2009 ea
1222 1953 1320 2026 caret,
1348 1946 1382 2010 in

278 2053 396 2118 talibus
421 2054 574 2136 versibus,
599 2054 710 2137 quales
734 2060 807 2118 suut

322 2198 441 2264 Pseud.
467 2198 540 2263 128.

201 2390 203 2395 ,
278 2324 424 2389 omnibus
448 2324 557 2389 amicis
580 2324 665 2389 notis
689 2324 779 2389 odico
802 2322 882 2387 meis

323 2468 440 2534 Pseud.
468 2467 541 2535 157.

279 2601 314 2660 tu
330 2596 382 2680 qui
395 2615 503 2660 urnam
516 2596 625 2677 habes,
640 2617 752 2680 aquam
764 2596 890 2680 ingere:
915 2595 966 2659 sac
978 2593 1106 2680 plenum
1118 2594 1252 2658 ahenum
1266 2594 1307 2658 sit
1318 2595 1381 2658 cito

324 2739 440 2804 Pseud.
466 2738 541 2805 399.

280 2885 382 2951 nequo
406 2865 548 2932 exordiri
572 2867 705 2952 primum
727 2865 811 2929 unde
835 2849 984 2949 occipias,
1006 2863 1108 2928 habes

267 2975 526 3058 ¹alliterationem
550 2994 613 3039 uon
636 2975 773 3039 invenio.

369 3119 461 3198 Quod
478 3117 617 3182 wottflin
640 3118 661 3182 l.
686 3117 707 3183 l.
731 3136 764 3201 p.
787 3115 841 3179 21.
866 3115 906 3179 de
929 3114 1196 3199 pronunciatione
1221 3111 1301 3194 ,au“
1327 3134 1378 3177 vo-

282 3227 361 3294 calis
385 3226 561 3308 confirmat,
586 3246 655 3289 eam
680 3223 712 3288 in
735 3223 847 3308 lingua
870 3222 1056 3305 quotidiana
1080 3218 1211 3304 (Festus
1235 3239 1265 3304 p.
1293 3216 1383 3304 182.)

279 3357 343 3401 uon
367 3337 461 3400 aliter
485 3339 583 3416 atque
609 3331 670 3413 „o“
695 3333 840 3395 vocalem
864 3331 1003 3395 auditam
1033 3347 1115 3405 esse,
1134 3328 1384 3399 ,concedendum

218 3519 220 3524 ,
280 3450 349 3524 est,
391 3443 500 3527 itaque
544 3455 696 3521 „aarum
738 3435 963 3516 orichalcum“,
1004 3443 1164 3502 auratum:
1202 3432 1382 3515 oruatnm“,

280 3567 390 3620 omen:
413 3549 593 3636 §auspicium
629 3548 735 3613 Plauti
763 3545 962 3630 temporibus
991 3543 1239 3607 alliteratiouem
1269 3542 1383 3606 consti·

279 3667 380 3726 tuunt.
1144 3657 1147 3661 ’

368 3785 483 3869 Itaque
506 3785 539 3849 iu
562 3799 708 3847 sermone
731 3779 846 3844 Latino
872 3774 934 3858 „a“
964 3775 1059 3840 modo
1084 3795 1154 3839 cum
1177 3770 1241 3856 ‚,a“
1266 3772 1383 3848 vocali,

281 3891 333 3977 „i“
358 3913 427 3958 cum
452 3889 517 3975 „i“,
542 3887 604 3974 „u‘·'
629 3910 697 3955 cum
722 3884 795 3972 „u“,
832 3882 910 3969 (nou
934 3905 1004 3949 cum
1027 3880 1089 3966 „j“
1113 3889 1147 3946 et
1171 3877 1249 3965 „v“)
1285 3880 1384 3946 ailite-

279 4001 437 4066 ratiouem
461 3987 589 4064 faciunt.
636 3996 707 4062 Etsi
732 4013 830 4080 saepe
853 3991 1009 4057 vocalium
1037 3989 1208 4054 aliiteratio
1243 4010 1307 4054 non
1338 3990 1384 4054 ita

281 4109 400 4176 acriter
424 4107 553 4174 auribus
576 4104 771 4191 impingitur,
795 4101 956 4166 tamenin
983 4099 1033 4163 his
1057 4098 1202 4162 versibus
1231 4115 1301 4165 earn
1335 4115 1383 4164 ca·

280 4220 322 4291 tis
345 4236 418 4296 esse
442 4217 645 4302 conspicuam
668 4209 931 4295 confirmaverim,
956 4228 985 4275 v.
