3259 4975
679 410 880 517 -11'2

225 652 259 731 in
283 651 396 736 quinto
419 669 515 717 versu
542 652 713 735 „pritrome
737 652 841 735 uaeris
866 652 964 736 puus“

225 762 256 825 iu
282 767 373 825 sexto
400 758 491 841 „lexe
516 755 590 825 lilar
612 756 686 825 dida
709 756 775 825 deti
800 758 937 825 banustu
961 756 1148 825 llerentas“.

313 868 466 933 Fortasse
492 865 611 951 primus
635 886 747 933 versus
771 886 842 932 curu
870 868 1011 933 secundo
1036 866 1167 932 vocibus
1193 866 1327 946 „vidadz

224 973 354 1057 vibdu“,
390 974 548 1039 secundus
591 995 660 1039 cum
696 974 793 1039 tertio
828 976 961 1040 vocibus
999 971 1108 1056 „dcucz
1138 970 1326 1058 dmpratois:

226 1080 370 1150 clisuist“
404 1081 621 1147 alliteratione
657 1082 817 1146 coniuncti
852 1090 935 1164 sunt,
972 1078 1028 1166 (de
1060 1102 1123 1166 qua
1150 1102 1187 1145 re
1214 1089 1329 1166 postea
1400 1135 1404 1166 3

225 1184 365 1275 agetur).
423 1190 557 1254 Frustra
592 1190 623 1253 iu
659 1189 720 1254 hac
754 1190 848 1254 turba
882 1190 1050 1254 verborum
1085 1190 1329 1255 alliteratiouem
1404 1182 1409 1221 '¹

225 1297 444 1381 praebentium
467 1298 519 1362 val
543 1298 699 1361 minimam
722 1296 866 1360 umbram
893 1297 1117 1361 alliterationis
1143 1300 1331 1363 nostratium

225 1424 313 1469 more
349 1405 513 1469 adhibitae
546 1404 758 1486 quaesiveris,
795 1424 888 1487 (luam
916 1412 951 1468 ut
981 1404 1249 1487 „necessariam“‚
1284 1408 1331 1471 ita

205 1512 328 1595 „magis
344 1518 471 1577 tenuem
496 1518 528 1577 et
544 1513 690 1595 exiguam
707 1512 873 1595 appellare
890 1513 1052 1578 debemus.
1091 1512 1331 1578 Ooacervantur

225 1620 415 1703 praesertim
443 1620 476 1685 in
498 1619 615 1703 lapidis
640 1618 848 1684 Corfiniensis
873 1620 1017 1685 versibus
1046 1639 1084 1685 eo
1109 1622 1202 1684 modo
1230 1621 1330 1685 allite-

226 1726 382 1808 rationes,
419 1735 454 1792 ut
477 1728 573 1791 etiam
596 1727 657 1791 boc
681 1725 753 1790 loco
776 1725 912 1791 Jordani
935 1727 1081 1791 iudicium
1111 1728 1330 1812 accipiendum
1446 1772 1448 1778 -

226 1834 277 1915 sit,
320 1835 372 1917 qui
398 1832 434 1918 (l.
458 1834 479 1897 l.
504 1856 535 1919 p.
562 1832 635 1897 186.
665 1818 749 1917 εᾳιι.)
775 1834 987 1916 demonstrat,
1016 1834 1077 1899 hoc
1104 1854 1229 1901 carmen
1258 1856 1331 1901 esse

225 1939 440 2006 affectatae
464 1941 695 2021 alliterationis,
721 1962 784 2006 nou
808 1941 971 2005 naturalis.
1220 1978 1225 1988 ·

315 2047 406 2126 Quod
431 2048 481 2112 vel
506 2048 546 2113 de
569 2048 773 2113 dedicatione
797 2046 920 2113 Sorana
943 2046 992 2130 (G.
1028 2047 1059 2113 J.
1085 2048 1121 2113 L.
1160 2051 1186 2114 Ι.
1225 2046 1329 2136 1175)

225 2163 258 2220 et
281 2156 387 2238 elogio
411 2155 524 2220 Naevii
549 2150 697 2239 (Gelli.
724 2151 780 2238 24)
805 2154 971 2220 dicendum
996 2156 1067 2237 erit,
1092 2176 1174 2239 quae
1198 2178 1239 2222 ex
1262 2177 1325 2223 om·

224 2264 316 2327 nibus
346 2263 564 2330 Saturniorum
591 2262 732 2345 reliquiis
755 2263 891 2328 maximo
925 2282 1024 2348 opere
1058 2264 1325 2330 alliterationibus

224 2378 339 2436 ornata
362 2379 445 2437 sunt.
492 2370 618 2454 Ubique
640 2369 672 2432 in
696 2369 735 2433 iis
758 2370 850 2436 huius
878 2370 1031 2436 formulae
1054 2391 1130 2436 usus
1154 2378 1188 2436 ut
1204 2372 1325 2436 uberri-

224 2500 292 2544 mus
326 2481 372 2544 ita
400 2479 579 2546 liberrimus
617 2482 681 2563 est3
713 2499 808 2544 sensu
832 2478 1053 2545 alliterationis
1078 2480 1324 2546 necessariae

225 2589 321 2673 plane
345 2595 466 2653 carent.

313 2697 460 2761 Dedicat.
486 2692 609 2760 Sorana
632 2695 690 2758 has
715 2693 783 2758 sere
806 2694 1039 2759 alliterationes
1062 2696 1209 2779 praebetz

272 2805 300 2867 1.
325 2803 418 2881 Quod
441 2825 476 2868 re
501 2823 558 2867 sua
581 2796 738 2866 dileidens
763 2796 770 2886 l
794 2816 911 2886 aspere
934 2797 1072 2868 afleicta

271 2911 301 2976 2.
326 2931 443 2996 parens
467 2912 582 2975 timens
606 2909 678 2973 heic
700 2909 790 2975 vovit
814 2902 820 2992 l
844 2904 951 2992 vut(o)
975 2909 1037 2974 hoc
1060 2910 1165 2975 soluto

235 3039 237 3042 ·
271 3018 300 3084 3.
325 3020 457 3084 decuma
480 3018 567 3082 facta
590 3017 739 3101 polouota
763 3011 770 3101 l
795 3014 943 3081 lelbereis
968 3014 1114 3082 lubentes

271 3126 302 3190 4.
327 3123 411 3192 donu
439 3122 560 3191 danunt
583 3123 735 3188 Hercolei
759 3117 765 3207 l
791 3139 950 3189 maxsume
975 3131 1097 3188 mereto

270 3232 300 3297 5.
326 3233 427 3300 semol
451 3228 513 3317 tle)
538 3239 633 3297 oraut
655 3246 693 3297 se
719 3231 783 3295 voti
807 3223 813 3313 l
838 3231 955 3295 crebro
979 3230 1183 3296 condemnes.

315 3343 352 3406 in
376 3342 477 3426 primo
501 3341 596 3404 modo
619 3340 710 3403 huius
735 3338 880 3402 carminis
904 3356 996 3402 versu
1013 3338 1245 3404 alliterationes
1267 3361 1326 3426 per

225 3450 287 3515 duo
310 3449 510 3514 hemistichia
538 3447 730 3518 distributae
756 3451 836 3517 sunt,
861 3445 893 3507 in
917 3444 1049 3510 vocibus
1079 3440 1239 3512 diieidens
1263 3471 1270 3512 :
1295 3469 1325 3511 a·

224 3552 351 3640 fleicta,
377 3577 448 3620 nam
472 3576 541 3621 cum
564 3555 596 3617 in
620 3554 762 3618 secundo
783 3572 878 3617 versu
893 3552 1067 3618 alliteratio
1092 3555 1222 3618 vocibus
1245 3554 1326 3618 eius·

225 3666 298 3731 dem
324 3664 443 3730 radicis
473 3660 576 3744 (vovit
592 3685 599 3726 :
617 3658 708 3744 voto)
733 3660 903 3740 debeatur,
939 3680 1002 3724 non
1037 3667 1089 3725 est
1121 3662 1229 3744 magni
1262 3681 1325 3725 mo·

224 3774 334 3838 menti.
382 3772 474 3836 Aliae
498 3769 729 3835 alliteraticnes
758 3769 892 3852 singulis
915 3767 1121 3832 hemistichiis
1145 3768 1325 3852 peculiares

226 3887 308 3964 sunt,
332 3882 440 3964 itaque
464 3879 552 3943 velut
580 3877 612 3941 iu
639 3895 734 3942 versu
768 3883 883 3960 quarto
919 3884 953 3941 et
986 3876 1095 3960 quinto
1124 3874 1325 3940 hemistichia

225 3988 327 4071 magis
351 3988 533 4070 disiungunt
555 4006 648 4069 quam
672 3984 843 4049 continent.
917 3981 921 3986 ’

314 4095 463 4179 Elogium
485 4093 599 4158 Naevii
621 4093 671 4157 his
695 4091 962 4156 alliterationibus
987 4095 1132 4155 ornatum
1155 4096 1220 4156 est:

225 4202 425 4270 immortales
450 4201 602 4269 mortales
627 4194 633 4284 l
658 4199 685 4264 si
708 4193 797 4264 foret
819 4194 874 4265 fas
894 4193 981 4265 flere
