3259 4975
205 686 293 753 nulla
317 686 379 751 alia
391 681 547 754 affinitate
559 689 621 753 nisi
640 690 772 774 paribus
792 686 895 754 literis
915 688 1164 772 coniunctorum,
1181 687 1308 754 facilius

207 814 332 879 capere,
359 802 447 861 certe
471 816 591 880 posse
614 814 744 881 capere.
1134 800 1137 807 '

297 900 410 985 Neque
433 904 495 968 hoc
518 904 635 988 negari
657 923 753 989 posse
777 904 869 969 nobie
892 902 1028 986 ridetur,
1052 902 1086 967 in
1118 903 1310 969 carminibus

206 1010 325 1075 maiore
349 1000 423 1076 esse
445 1010 477 1075 vi
502 1000 756 1094 alliterationem,
787 1033 882 1097 quam
916 1011 959 1074 in‘
982 1011 1128 1076 oratione
1149 1011 1295 1095 pedestri
1302 1036 1310 1097 ;

208 1140 283 1183 nam
306 1139 368 1183 non
394 1119 495 1185 solum
519 1117 642 1204 facilius
666 1119 947 1203 comprehenditur
970 1119 1144 1198 alliteratio
1177 1119 1312 1203 siugulis

207 1226 355 1291 versibus
379 1226 532 1311 temporis
555 1226 723 1293 intervallo
748 1227 913 1293 disiunctis
950 1233 983 1291 et
1011 1246 1138 1311 semper
1165 1227 1312 1311 repetitis
1361 1256 1364 1260 ’

211 1332 331 1397 eisdem
382 1333 520 1398 numeris
568 1334 600 1399 in
646 1354 747 1421 parvo
794 1334 1038 1417 uniuscuiusque
1081 1334 1214 1415 ambitu,
1261 1325 1315 1419 qui

207 1440 295 1505 velut
316 1461 375 1525 pro
399 1446 468 1506 toto
500 1448 533 1505 ot
555 1442 701 1526 perfecto
737 1461 783 1513 se¹
807 1444 900 1525 gerit,
936 1462 1030 1525 quam
1054 1442 1081 1506 si
1109 1441 1314 1508 solutioribus

208 1548 309 1612 modis
338 1547 453 1613 diffluit
476 1556 509 1613 et
532 1550 628 1613 variis
653 1550 773 1632 oratio,
804 1550 862 1615 sed
886 1550 981 1613 etiarn
1005 1549 1111 1614 acrius
1139 1533 1314 1633 impingun-

208 1662 261 1719 tur
286 1655 415 1719 auribus
440 1656 583 1739 syllabae
608 1656 824 1733 alliteratione
854 1656 1052 1738 coniunctae,
1087 1656 1181 1739 quod,
1218 1676 1315 1741 saepe

209 1762 266 1827 sub
295 1762 391 1827 ictum
419 1763 586 1845 cadentes,
612 1764 704 1828 altius
735 1765 825 1849 quasi
853 1764 1063 1844 extolluntur,
1099 1763 1188 1828 velut
1220 1765 1317 1831 duces

210 1870 405 1953 conspicuae
429 1872 661 1953 ingrediuntur.
709 1870 809 1949 Quam
833 1871 1078 1936 allitcrationem
1104 1870 1166 1935 illis
1195 1876 1315 1956 tempo·

212 1978 310 2059 ribus,
336 1972 449 2061 quibus
474 1980 615 2043 carmina
639 1997 678 2043 ex
702 1979 814 2043 animis
839 1999 956 2058 eorum,
982 1978 1036 2061 qui
1061 1977 1216 2054 sciebant,
1252 2000 1317 2045 non

211 2106 251 2149 ex
273 2085 369 2149 libris
403 2086 544 2170 posteris
579 2086 798 2169 tradebantur,
837 2106 986 2150 summum
1021 2086 1195 2150 memoriae
1229 2087 1316 2151 adiu·

210 2200 349 2257 mentum
372 2191 470 2257 fnisse
494 2194 697 2259 manifestum
722 2202 784 2259 est:
809 2194 884 2277 quia
908 2194 990 2257 enim
1006 2193 1224 2258 cohaerebant
1244 2215 1318 2277 qua·

210 2301 238 2364 si
261 2300 390 2365 conexis
414 2300 464 2363 vel
485 2300 672 2385 corporibus
693 2320 819 2380 sensus,
845 2301 996 2365 memoria
1018 2301 1252 2386 praecedente,
1277 2310 1313 2367 ut

209 2408 257 2472 ita
281 2409 395 2491 dicam,
420 2408 519 2472 verbo
544 2408 586 2472 ad
610 2408 774 2492 sequentia
796 2410 981 2491 ducebatur,
1006 2416 1167 2492 tamquam
1190 2409 1316 2495 praedi-

211 2518 366 2582 cebantur
385 2517 567 2599 posteriora
590 2517 760 2601 prioribus.
808 2520 959 2581 Attamen
974 2517 1006 2580 in
1022 2515 1237 2582 Romanorum
1249 2538 1317 2583 ver·

211 2625 298 2689 sibus
315 2642 378 2688 non
394 2629 458 2686 tam
474 2623 528 2687 lex
544 2623 706 2708 strenua*)
723 2625 805 2688 hanc
821 2633 922 2689 artem
937 2627 1095 2709 poposcit,
1117 2647 1210 2709 quam
1223 2627 1317 2710 eopia

211 2739 245 2796 et
268 2726 412 2816 εὐκαιρία
435 2733 580 2816 porrexit
606 2739 641 2795 ut
657 2733 898 2811 condimentum,
922 2739 1150 2812 ornamentum,
1180 2734 1319 2799 delecta·

210 2847 359 2919 mentum,
384 2839 472 2903 velut
496 2839 655 2922 „lepidum
680 2847 776 2922 atque
800 2840 984 2924 opulentum
1013 2837 1214 2923 opsonium.“
1262 2839 1317 2905 Su·

214 2954 290 3032 apte
314 2947 383 3011 fere
407 2945 570 3010 voluntate
595 2953 627 3010 et
651 2954 765 3030 sponte
786 2947 887 3010 verba
906 2947 963 3009 illa
980 2948 1189 3012 consonantia
1206 2955 1318 3012 extra

212 3054 264 3118 vel
288 3055 377 3118 iuxta
400 3074 512 3117 versus
537 3054 746 3138 componendi
778 3055 935 3118 rationem
958 3054 991 3116 in
1014 3055 1085 3136 ipsa
1108 3055 1319 3139 conceptione

214 3161 440 3225 sententiarum
464 3162 714 3225 consuescebant
738 3169 770 3225 et
794 3181 835 3225 ex
857 3162 943 3224 laeto
967 3169 1086 3246 poetae
1116 3162 1245 3245 ingenio
1276 3162 1318 3226 ef·

213 3267 435 3350 florescebant,
461 3275 599 3350 cognata
623 3269 692 3332 sine
722 3269 952 3349 elaboratione,
988 3269 1057 3332 sine
1092 3268 1318 3334 lucubrationi*

213 3375 272 3440 bus
302 3376 412 3456 anxiis,
450 3377 518 3439 siue
554 3375 674 3438 Lucina
712 3376 845 3441 difficili.
905 3374 976 3450 Qua
1012 3376 1051 3438 de
1084 3393 1182 3439 causa
1220 3376 1319 3440 etiam

213 3482 357 3566 Plautus,
382 3502 459 3547 sane
482 3489 579 3568 poeta
602 3483 742 3566 liberior,
771 3483 980 3566 ingeniosior,
1005 3483 1142 3547 facetior
1164 3483 1318 3548 Terentio

212 3624 426 3634 ..ιη-μ...-

302 3711 330 3780 l)
350 3711 454 3767 Klotz
476 3713 666 3781 ,Alliteration
691 3730 716 3766 u.
737 3712 896 3782 Symmetrie
914 3712 959 3765 bei
977 3710 1108 3766 Plautus“
1129 3713 1221 3767 Zittau
1248 3713 1317 3768 1876

214 3803 292 3858 nobis
310 3804 425 3874 probare
443 3803 509 3869 vult,
537 3802 595 3856 Mil.
619 3803 685 3872 glor.
706 3819 757 3856 av.
783 3800 887 3854 1.-78.
907 3801 1085 3855 alliteratione
1103 3803 1234 3856 continua
1255 3819 1318 3857 con-

213 3893 320 3947 iunctus
338 3909 405 3958 esse,
435 3892 514 3961 quasi
531 3892 647 3946 Plautus
671 3892 911 3946 necessitatem
937 3890 1011 3944 illius
1038 3890 1168 3945 formulae
1196 3893 1318 3946 senserit

215 3982 293 4049 Quod
311 3983 378 4036 mibi
395 3981 503 4051 quidem
522 3981 666 4034 verisimile
689 3998 743 4036 non
765 3980 881 4045 videtur,
911 3996 1072 4050 quamquam
1094 3996 1127 4034 eo
1152 3981 1213 4034 loco
1236 3982 1319 4036 ctiam

214 4087 240 4124 v.
261 4070 360 4140 stlta.
386 4071 615 4125 difflavisti-iulia
637 4075 665 4124 et
688 4071 787 4139 quoius
810 4070 900 4138 quasi,
927 4084 952 4121 v.
971 4068 1013 4121 41.
1038 4069 1269 4138 praevolet-velis,
1294 4085 1320 4124 v.

215 4160 305 4224 59160.
328 4161 422 4230 pulcer
448 4160 533 4229 pallio
560 4159 799 4229 reprehenderunt,
828 4177 852 4214 v.
873 4158 915 4212 73.
943 4156 1094 4213 ln-lnterim
1112 4159 1318 4215 alliterationem

215 4249 326 4318 faciunt,
346 4267 417 4320 quae
434 4251 517 4306 Klotz
537 4249 724 4320 praetermisit.
