3259 4975
754 449 955 513 ‚12-

300 639 425 710 flerent
449 644 542 711 divae
567 642 729 711 Camenae
753 640 760 731 Ι
783 644 937 711 Naevium
960 653 1099 731 poetam.

301 752 414 836 ltaque
437 760 608 838 postquam
633 750 713 838 (e)st
737 754 813 819 Orci
836 749 843 838 l
866 752 1005 820 traditus
1028 753 1182 821 thesauro

301 857 392 927 obliti
415 866 489 925 sunt
511 862 634 927 Romae
658 854 664 945 l
689 857 835 944 loquiera
857 858 965 945 lingua
989 857 1098 927 latina.

390 970 472 1037 Tres
487 968 579 1052 primi
595 968 687 1033 huius
703 970 852 1033 carminis
867 989 979 1035 versus
996 970 1209 1036 alliteratioue
1220 968 1402 1055 „legitima“

301 1083 421 1157 carent,
447 1087 578 1159 quartus
601 1076 708 1158 mod0‚
741 1076 774 1141 in
805 1077 938 1142 vocibus
972 1074 1085 1158 ,obliti
1108 1096 1117 1143 t
1140 1075 1265 1163 loquier
1297 1074 1404 1161 lingua

301 1181 432 1263 latina“,
457 1203 527 1249 eam
550 1186 695 1270 praebet.

389 1290 440 1356 Ne
462 1293 495 1355 in
519 1311 557 1356 ea
581 1293 706 1376 quidem
729 1292 949 1378 inscriptione,
986 1314 1080 1375 quam
1103 1293 1263 1358 Biueheler
1296 1315 1323 1357 v.
1358 1291 1404 1356 ill.

303 1396 396 1485 (mus.
415 1399 519 1465 Rhen.
541 1398 623 1464 1881
648 1421 680 1483 p.
698 1399 787 1481 236.)
804 1401 1056 1484 antiquissimam
1071 1403 1205 1467 omnium
1225 1402 1404 1479 latinarum,

301 1528 384 1590 quae
408 1506 450 1570 ad
473 1524 531 1571 nos
560 1509 776 1593 pervenerint,
812 1508 985 1591 existimat,
1021 1507 1244 1575 alliterationis
1280 1506 1405 1573 indoles

302 1617 367 1681 alia
390 1611 496 1698 est=*)

302 1725 384 1789 Jove
409 1718 576 1807 Sa(turno)
600 1723 711 1789 deivos
736 1718 742 1809 ss
766 1724 821 1808 qoi
844 1723 917 1789 med
941 1724 1036 1790 mitat

301 1831 364 1896 Nei
388 1831 443 1896 ted
467 1830 550 1896 endo
575 1833 689 1895 cosmis
713 1826 719 1916 ll
744 1832 832 1896 vireo
854 1830 926 1896 aied
949 1831 1046 1898 ested

300 1938 393 2004 Noisi
417 1938 487 2022 Ope
511 1938 664 2003 Toitesiai
687 1934 694 2024 l
718 1940 829 2024 pacari
850 1939 919 2003 vois

688 2042 695 2131 l
720 2047 792 2113 med
814 2046 908 2111 feced
931 2064 970 2111 eu
994 2060 1118 2112 manom

302 2152 416 2219 Einom
439 2154 491 2220 die
514 2154 609 2218 noine
686 2149 693 2238 l
718 2151 792 2220 med
815 2168 909 2219 urano
934 2154 1053 2219 stated.

390 2262 574 2327 Alliteratio
610 2262 642 2325 in
675 2260 750 2325 bina
777 2261 978 2325 hemistichia
1005 2261 1177 2326 distributa
1208 2263 1241 2325 in
1274 2261 1325 2325 his
1359 2280 1406 2325 sa·

302 2369 417 2433 turniis
440 2370 566 2434 omnino
590 2388 653 2433 non
676 2369 844 2435 invenitur.

395 2476 508 2562 Itaque
533 2497 603 2542 cum
626 2497 729 2560 neque
752 2477 785 2541 iu
808 2478 1035 2562 antiquissimis
1059 2478 1169 2562 poe'sis
1191 2476 1407 2542 Romanorum

304 2587 356 2650 vel
378 2585 562 2649 Italicorum
586 2588 805 2668 monumentis,
830 2607 934 2670 neque
956 2589 989 2650 in
1013 2587 1076 2665 eis,
1101 2604 1182 2668 quae
1205 2585 1339 2649 maxime
1362 2583 1405 2648 al·

301 2693 496 2758 literationis
520 2691 741 2774 assequendae
766 2695 902 2758 studium
926 2694 1117 2778 praebeant,
1140 2695 1222 2759 haec
1245 2692 1348 2775 ligura
1370 2697 1406 2754 ut

301 2820 412 2865 versus
436 2801 645 2886 componendi
667 2801 750 2866 ratio
775 2801 984 2866 demonstrari
1008 2802 1120 2886 possit,
1156 2821 1221 2866 non
1254 2797 1406 2864 concede·

301 2928 379 2990 mus,
409 2908 656 2974 alliterationem
683 2909 895 2991 legitimam
928 2909 962 2972 in
986 2918 1082 2993 gente
1105 2909 1220 2974 Italica
1252 2906 1403 2988 viguisse,

302 3018 407 3099 quoad
431 3017 542 3081 versus
566 3015 698 3080 saturnii
734 3017 904 3096 exsistant,
939 3017 970 3080 in
1006 3038 1139 3100 quorum
1173 3035 1321 3098 quoque
1352 3014 1402 3077 he·

300 3124 456 3188 mistichio
481 3125 562 3188 ictu
590 3129 747 3187 notatae
775 3125 925 3207 syllabae,
950 3132 985 3188 ut
1022 3124 1069 3188 ita
1097 3124 1209 3204 dicam,
1238 3122 1403 3205 capitales,

300 3231 352 3295 uel
375 3232 469 3296 binae
492 3230 544 3295 vel
567 3231 721 3313 singulae,
755 3232 970 3297 alliteratioue
1007 3232 1193 3296 coniunctae
1236 3229 1329 3294 nobis
1373 3250 1405 3293 o·

301 3338 498 3403 stendantur.
954 3359 957 3364 ’

390 3446 464 3511 Alia
488 3452 644 3530 exparte
668 3446 840 3512 alliteratio
869 3447 901 3512 in
930 3446 1084 3530 operibus
1116 3446 1267 3529 antiquae
1300 3445 1405 3510 latini·

300 3555 378 3619 tatis
414 3553 492 3618 satis
524 3554 699 3636 conspicua
735 3560 795 3618 est.
842 3553 908 3618 Iam
948 3575 1046 3639 supro.
1080 3553 1403 3631 commemoravimus,

300 3662 424 3726 Livium
446 3666 478 3726 et
500 3659 662 3742 Naevium,
690 3669 754 3726 tum
777 3661 923 3742 llnnium,
958 3660 1114 3726 Lucilium
1147 3661 1208 3725 hoo
1243 3660 1404 3726 schcmate

300 3769 422 3852 pariter
442 3769 496 3850 uti,
522 3788 625 3853 neque
642 3770 742 3834 minus
763 3769 960 3852 Lucretium;
985 3768 1035 3832 hio
1051 3768 1178 3851 quidem
1206 3789 1244 3833 ea
1267 3768 1308 3832 de
1331 3789 1403 3833 cau·

301 3896 347 3956 sa,
383 3876 457 3958 quia
489 3883 586 3960 poeta
616 3896 747 3942 severus
782 3877 891 3962 prisca
925 3877 1109 3958 quaerebat,
1144 3875 1198 3941 vel
1232 3876 1307 3960 quia
1340 3875 1404 3940 arti

300 3983 413 4068 epicae
447 3983 509 4048 hoo
544 3991 760 4068 sumptuosum
794 3985 935 4068 priorum
968 3991 1146 4070 temporum
1184 3989 1402 4050 ornamentum

299 4123 513 4134 *unna—m·-

388 4211 416 4281 ἢ
435 4231 459 4269 v.
478 4212 592 4268 Henrici
608 4211 724 4268 Jordanl
742 4213 842 4269 vindic.
860 4227 938 4269 serm.
956 4211 1032 4269 latin.
1052 4212 1193 4284 antiquiss.
1214 4232 1241 4286 p·
1253 4213 1279 4268 4.
1299 4229 1359 4285 squ.
