<?xml version="1.0" encoding="UTF-8"?>
<!DOCTYPE html PUBLIC "-//W3C//DTD XHTML 1.0 Transitional//EN"
    "http://www.w3.org/TR/xhtml1/DTD/xhtml1-transitional.dtd">
<html xmlns="http://www.w3.org/1999/xhtml" xml:lang="en" lang="en">
 <head>
  <title>
</title>
<meta http-equiv="Content-Type" content="text/html;charset=utf-8" />
  <meta name='ocr-system' content='tesseract 3.04.00' />
  <meta name='ocr-capabilities' content='ocr_page ocr_carea ocr_par ocr_line ocrx_word'/>
</head>
<body>
  <div class='ocr_page' id='page_1' title='image "./dealliterationi00baskgoog_0047.png"; bbox 0 0 3259 4975; ppageno 0'>
   <div class='ocr_carea' id='block_1_1' title="bbox 602 1092 914 1201">
    <p class='ocr_par' dir='ltr' id='par_1_1' title="bbox 602 1092 914 1201">
     <span class='ocr_line' id='line_1_1' title="bbox 602 1092 914 1201; baseline -0.003 0"><span class='ocrx_word' id='word_1_1' title='bbox 602 1092 914 1201; x_wconf 70' lang='lat' dir='ltr'><strong>Thasos,</strong></span> 
     </span>
    </p>
   </div>
   <div class='ocr_carea' id='block_1_2' title="bbox 702 1381 809 1398">
    <p class='ocr_par' dir='ltr' id='par_1_2' title="bbox 702 1381 809 1398">
     <span class='ocr_line' id='line_1_2' title="bbox 702 1381 809 1398; baseline 0.009 -1"><span class='ocrx_word' id='word_1_2' title='bbox 702 1381 809 1398; x_wconf 57' lang='lat' dir='ltr'>vvthv·</span> 
     </span>
    </p>
   </div>
   <div class='ocr_carea' id='block_1_3' title="bbox 236 1618 1308 2025">
    <p class='ocr_par' dir='ltr' id='par_1_3' title="bbox 236 1618 1308 2025">
     <span class='ocr_line' id='line_1_3' title="bbox 236 1618 1306 1702; baseline 0 -20"><span class='ocrx_word' id='word_1_3' title='bbox 236 1619 262 1682; x_wconf 90' lang='grc' dir='ltr'><strong>Ι.</strong></span> <span class='ocrx_word' id='word_1_4' title='bbox 309 1618 345 1683; x_wconf 85' lang='lat' dir='ltr'><strong>In</strong></span> <span class='ocrx_word' id='word_1_5' title='bbox 379 1619 594 1683; x_wconf 80' lang='lat' dir='ltr'><strong>Romanorum</strong></span> <span class='ocrx_word' id='word_1_6' title='bbox 630 1638 687 1681; x_wconf 83' lang='lat' dir='ltr'><strong>usu</strong></span> <span class='ocrx_word' id='word_1_7' title='bbox 718 1618 951 1700; x_wconf 79' lang='lat' dir='ltr'><strong>alliterationis,</strong></span> <span class='ocrx_word' id='word_1_8' title='bbox 989 1619 1130 1701; x_wconf 77' lang='lat' dir='ltr'><strong>quamvis</strong></span> <span class='ocrx_word' id='word_1_9' title='bbox 1160 1620 1306 1702; x_wconf 89' lang='lat' dir='ltr'><strong>quodam·</strong></span> 
     </span>
     <span class='ocr_line' id='line_1_4' title="bbox 310 1726 1308 1806; baseline 0 -16"><span class='ocrx_word' id='word_1_10' title='bbox 310 1726 405 1791; x_wconf 87' lang='lat' dir='ltr'>modo</span> <span class='ocrx_word' id='word_1_11' title='bbox 446 1726 651 1789; x_wconf 82' lang='lat' dir='ltr'><strong>alliterationi</strong></span> <span class='ocrx_word' id='word_1_12' title='bbox 693 1726 921 1790; x_wconf 83' lang='lat' dir='ltr'><strong>Germanorum</strong></span> <span class='ocrx_word' id='word_1_13' title='bbox 957 1727 1066 1789; x_wconf 79' lang='lat' dir='ltr'><strong>similis</strong></span> <span class='ocrx_word' id='word_1_14' title='bbox 1101 1727 1156 1806; x_wconf 86' lang='lat' dir='ltr'><strong>sit,</strong></span> <span class='ocrx_word' id='word_1_15' title='bbox 1201 1733 1308 1791; x_wconf 88' lang='lat' dir='ltr'><strong>tamen</strong></span> 
     </span>
     <span class='ocr_line' id='line_1_5' title="bbox 310 1833 1308 1918; baseline -0.001 -20"><span class='ocrx_word' id='word_1_16' title='bbox 310 1834 447 1918; x_wconf 80' lang='lat' dir='ltr'><strong>rythmi</strong></span> <span class='ocrx_word' id='word_1_17' title='bbox 483 1833 595 1916; x_wconf 80' lang='lat' dir='ltr'><strong>figura,</strong></span> <span class='ocrx_word' id='word_1_18' title='bbox 632 1854 724 1915; x_wconf 89' lang='lat' dir='ltr'><strong>quam</strong></span> <span class='ocrx_word' id='word_1_19' title='bbox 761 1834 892 1897; x_wconf 80' lang='lat' dir='ltr'>dicimus</span> <span class='ocrx_word' id='word_1_20' title='bbox 928 1833 1138 1915; x_wconf 81' lang='lat' dir='ltr'><strong>Stabreim,</strong></span> <span class='ocrx_word' id='word_1_21' title='bbox 1174 1834 1308 1897; x_wconf 83' lang='lat' dir='ltr'><strong>inveniri</strong></span> 
     </span>
     <span class='ocr_line' id='line_1_6' title="bbox 311 1948 513 2025; baseline 0.005 -22"><span class='ocrx_word' id='word_1_22' title='bbox 311 1962 373 2007; x_wconf 85' lang='lat' dir='ltr'><strong>non</strong></span> <span class='ocrx_word' id='word_1_23' title='bbox 397 1948 513 2025; x_wconf 85' lang='lat' dir='ltr'><strong>potest.</strong></span> 
     </span>
    </p>
   </div>
   <div class='ocr_carea' id='block_1_4' title="bbox 221 2065 1307 2366">
    <p class='ocr_par' dir='ltr' id='par_1_4' title="bbox 221 2065 1307 2366">
     <span class='ocr_line' id='line_1_7' title="bbox 221 2065 1307 2149; baseline -0.001 -19"><span class='ocrx_word' id='word_1_24' title='bbox 221 2066 264 2130; x_wconf 90' lang='grc' dir='ltr'><strong>Π.</strong></span> <span class='ocrx_word' id='word_1_25' title='bbox 312 2066 567 2130; x_wconf 83' lang='lat' dir='ltr'><strong>Allitarationem</strong></span> <span class='ocrx_word' id='word_1_26' title='bbox 595 2066 627 2127; x_wconf 88' lang='lat' dir='ltr'><strong>in</strong></span> <span class='ocrx_word' id='word_1_27' title='bbox 657 2065 780 2149; x_wconf 82' lang='lat' dir='ltr'><strong>vulgari</strong></span> <span class='ocrx_word' id='word_1_28' title='bbox 810 2066 996 2130; x_wconf 79' lang='lat' dir='ltr'><strong>Latinorum</strong></span> <span class='ocrx_word' id='word_1_29' title='bbox 1019 2085 1165 2130; x_wconf 77' lang='lat' dir='ltr'>sermone</span> <span class='ocrx_word' id='word_1_30' title='bbox 1188 2065 1307 2130; x_wconf 86' lang='lat' dir='ltr'><strong>diutius</strong></span> 
     </span>
     <span class='ocr_line' id='line_1_8' title="bbox 311 2173 1307 2257; baseline 0 -21"><span class='ocrx_word' id='word_1_31' title='bbox 311 2174 451 2256; x_wconf 82' lang='lat' dir='ltr'><strong>viguisse</strong></span> <span class='ocrx_word' id='word_1_32' title='bbox 480 2173 649 2253; x_wconf 86' lang='lat' dir='ltr'><strong>contendo,</strong></span> <span class='ocrx_word' id='word_1_33' title='bbox 675 2193 767 2255; x_wconf 89' lang='lat' dir='ltr'><strong>quam</strong></span> <span class='ocrx_word' id='word_1_34' title='bbox 796 2174 828 2235; x_wconf 88' lang='lat' dir='ltr'><strong>in</strong></span> <span class='ocrx_word' id='word_1_35' title='bbox 854 2174 1045 2257; x_wconf 83' lang='lat' dir='ltr'><strong>scriptorum</strong></span> <span class='ocrx_word' id='word_1_36' title='bbox 1071 2173 1212 2256; x_wconf 82' lang='lat' dir='ltr'><strong>reliquiis</strong></span> <span class='ocrx_word' id='word_1_37' title='bbox 1238 2192 1307 2237; x_wconf 87' lang='lat' dir='ltr'><strong>eam</strong></span> 
     </span>
     <span class='ocr_line' id='line_1_9' title="bbox 311 2281 770 2366; baseline -0.002 -21"><span class='ocrx_word' id='word_1_38' title='bbox 311 2281 580 2365; x_wconf 80' lang='lat' dir='ltr'><strong>comprehendere</strong></span> <span class='ocrx_word' id='word_1_39' title='bbox 603 2282 770 2366; x_wconf 82' lang='lat' dir='ltr'><strong>possimus.</strong></span> 
     </span>
    </p>
   </div>
   <div class='ocr_carea' id='block_1_5' title="bbox 201 2391 1305 2489">
    <p class='ocr_par' dir='ltr' id='par_1_5' title="bbox 201 2391 1305 2489">
     <span class='ocr_line' id='line_1_10' title="bbox 201 2391 1305 2489; baseline -0.003 -17"><span class='ocrx_word' id='word_1_40' title='bbox 201 2408 261 2473; x_wconf 89' lang='grc' dir='ltr'><strong>ΠΙ.</strong></span> <span class='ocrx_word' id='word_1_41' title='bbox 310 2405 386 2470; x_wconf 83' lang='lat' dir='ltr'><strong>Cum</strong></span> <span class='ocrx_word' id='word_1_42' title='bbox 411 2409 442 2470; x_wconf 91' lang='lat' dir='ltr'><strong>in</strong></span> <span class='ocrx_word' id='word_1_43' title='bbox 467 2407 599 2470; x_wconf 89' lang='lat' dir='ltr'><strong>duarum</strong></span> <span class='ocrx_word' id='word_1_44' title='bbox 628 2406 768 2489; x_wconf 82' lang='lat' dir='ltr'><strong>gentium</strong></span> <span class='ocrx_word' id='word_1_45' title='bbox 798 2407 942 2471; x_wconf 83' lang='lat' dir='ltr'><strong>oratione</strong></span> <span class='ocrx_word' id='word_1_46' title='bbox 972 2407 1146 2471; x_wconf 87' lang='lat' dir='ltr'><strong>alliteratio</strong></span> <span class='ocrx_word' id='word_1_47' title='bbox 1171 2391 1305 2489; x_wconf 74' lang='lat' dir='ltr'><strong>ex&#39;sistit,</strong></span> 
     </span>
    </p>
   </div>
   <div class='ocr_carea' id='block_1_6' title="bbox 310 2515 1306 2811">
    <p class='ocr_par' dir='ltr' id='par_1_6' title="bbox 310 2515 1306 2811">
     <span class='ocr_line' id='line_1_11' title="bbox 311 2515 1306 2599; baseline 0 -20"><span class='ocrx_word' id='word_1_48' title='bbox 311 2535 369 2599; x_wconf 84' lang='lat' dir='ltr'><strong>per</strong></span> <span class='ocrx_word' id='word_1_49' title='bbox 403 2535 438 2580; x_wconf 76' lang='lat' dir='ltr'><strong>se</strong></span> <span class='ocrx_word' id='word_1_50' title='bbox 473 2515 687 2580; x_wconf 88' lang='lat' dir='ltr'><strong>testimonium</strong></span> <span class='ocrx_word' id='word_1_51' title='bbox 715 2515 794 2579; x_wconf 80' lang='lat' dir='ltr'><strong>satis</strong></span> <span class='ocrx_word' id='word_1_52' title='bbox 822 2515 943 2579; x_wconf 84' lang='lat' dir='ltr'><strong>firmum</strong></span> <span class='ocrx_word' id='word_1_53' title='bbox 968 2536 1031 2580; x_wconf 86' lang='lat' dir='ltr'><strong>non</strong></span> <span class='ocrx_word' id='word_1_54' title='bbox 1056 2523 1116 2597; x_wconf 84' lang='lat' dir='ltr'><strong>est,</strong></span> <span class='ocrx_word' id='word_1_55' title='bbox 1153 2534 1211 2580; x_wconf 84' lang='lat' dir='ltr'><strong>eas</strong></span> <span class='ocrx_word' id='word_1_56' title='bbox 1234 2536 1306 2599; x_wconf 85' lang='lat' dir='ltr'><strong>pro·</strong></span> 
     </span>
     <span class='ocr_line' id='line_1_12' title="bbox 310 2621 1306 2708; baseline 0 -22"><span class='ocrx_word' id='word_1_57' title='bbox 310 2624 479 2708; x_wconf 83' lang='lat' dir='ltr'><strong>pinquiore</strong></span> <span class='ocrx_word' id='word_1_58' title='bbox 514 2621 679 2686; x_wconf 86' lang='lat' dir='ltr'><strong>affinitatis</strong></span> <span class='ocrx_word' id='word_1_59' title='bbox 714 2623 839 2686; x_wconf 85' lang='lat' dir='ltr'><strong>vinculo</strong></span> <span class='ocrx_word' id='word_1_60' title='bbox 874 2623 1058 2687; x_wconf 77' lang='lat' dir='ltr'><strong>coniunctas</strong></span> <span class='ocrx_word' id='word_1_61' title='bbox 1093 2643 1176 2705; x_wconf 82' lang='lat' dir='ltr'>esse,</span> <span class='ocrx_word' id='word_1_62' title='bbox 1213 2643 1306 2706; x_wconf 90' lang='lat' dir='ltr'><strong>quam</strong></span> 
     </span>
     <span class='ocr_line' id='line_1_13' title="bbox 312 2729 1065 2811; baseline 0 -17"><span class='ocrx_word' id='word_1_63' title='bbox 312 2730 405 2808; x_wconf 85' lang='lat' dir='ltr'><strong>alias,</strong></span> <span class='ocrx_word' id='word_1_64' title='bbox 431 2749 512 2811; x_wconf 85' lang='lat' dir='ltr'><strong>quae</strong></span> <span class='ocrx_word' id='word_1_65' title='bbox 536 2729 594 2793; x_wconf 88' lang='lat' dir='ltr'><strong>hae</strong></span> <span class='ocrx_word' id='word_1_66' title='bbox 619 2731 774 2794; x_wconf 78' lang='lat' dir='ltr'><strong>sermonis</strong></span> <span class='ocrx_word' id='word_1_67' title='bbox 797 2729 900 2793; x_wconf 81' lang='lat' dir='ltr'><strong>forma</strong></span> <span class='ocrx_word' id='word_1_68' title='bbox 924 2738 1065 2795; x_wconf 82' lang='lat' dir='ltr'>careant.</span> 
     </span>
    </p>
   </div>
   <div class='ocr_carea' id='block_1_7' title="bbox 202 2851 1306 3369">
    <p class='ocr_par' dir='ltr' id='par_1_7' title="bbox 202 2851 1306 3153">
     <span class='ocr_line' id='line_1_14' title="bbox 202 2851 1305 2938; baseline -0.004 -17"><span class='ocrx_word' id='word_1_69' title='bbox 202 2855 265 2921; x_wconf 89' lang='lat' dir='ltr'><strong>IV.</strong></span> <span class='ocrx_word' id='word_1_70' title='bbox 315 2854 520 2938; x_wconf 83' lang='lat' dir='ltr'><strong>Epitaphium</strong></span> <span class='ocrx_word' id='word_1_71' title='bbox 555 2857 594 2920; x_wconf 86' lang='grc' dir='ltr'><strong>Α.</strong></span> <span class='ocrx_word' id='word_1_72' title='bbox 631 2855 721 2919; x_wconf 84' lang='lat' dir='ltr'><strong>Atilii</strong></span> <span class='ocrx_word' id='word_1_73' title='bbox 752 2853 886 2918; x_wconf 84' lang='lat' dir='ltr'><strong>Caiatini</strong></span> <span class='ocrx_word' id='word_1_74' title='bbox 917 2857 983 2920; x_wconf 72' lang='lat' dir='ltr'><strong>siva</strong></span> <span class='ocrx_word' id='word_1_75' title='bbox 1007 2856 1144 2920; x_wconf 81' lang='lat' dir='ltr'><strong>Calatini</strong></span> <span class='ocrx_word' id='word_1_76' title='bbox 1169 2851 1213 2938; x_wconf 85' lang='lat' dir='ltr'><strong>(v.</strong></span> <span class='ocrx_word' id='word_1_77' title='bbox 1238 2854 1305 2919; x_wconf 79' lang='lat' dir='ltr'><strong>oio.</strong></span> 
     </span>
     <span class='ocr_line' id='line_1_15' title="bbox 312 2958 1306 3048; baseline -0.002 -22"><span class='ocrx_word' id='word_1_78' title='bbox 312 2960 426 3026; x_wconf 83' lang='lat' dir='ltr'><strong>defin.</strong></span> <span class='ocrx_word' id='word_1_79' title='bbox 450 2960 491 3027; x_wconf 92' lang='grc' dir='ltr'><strong>ΙΙ.</strong></span> <span class='ocrx_word' id='word_1_80' title='bbox 517 2959 648 3042; x_wconf 81' lang='lat'>35,116</span> <span class='ocrx_word' id='word_1_81' title='bbox 676 2971 709 3027; x_wconf 83' lang='lat' dir='ltr'><strong>et</strong></span> <span class='ocrx_word' id='word_1_82' title='bbox 733 2963 802 3027; x_wconf 80' lang='lat' dir='ltr'><strong>Cat.</strong></span> <span class='ocrx_word' id='word_1_83' title='bbox 827 2964 898 3026; x_wconf 90' lang='lat' dir='ltr'><strong>mai.</strong></span> <span class='ocrx_word' id='word_1_84' title='bbox 927 2961 977 3043; x_wconf 78' lang='lat'><strong>17,</strong></span> <span class='ocrx_word' id='word_1_85' title='bbox 991 2958 1047 3048; x_wconf 86' lang='grc'><strong>61)</strong></span> <span class='ocrx_word' id='word_1_86' title='bbox 1072 2964 1118 3027; x_wconf 78' lang='lat' dir='ltr'><strong>sia</strong></span> <span class='ocrx_word' id='word_1_87' title='bbox 1141 2963 1306 3026; x_wconf 86' lang='lat' dir='ltr'><strong>restituen-</strong></span> 
     </span>
     <span class='ocr_line' id='line_1_16' title="bbox 312 3069 633 3153; baseline 0 -20"><span class='ocrx_word' id='word_1_88' title='bbox 312 3069 384 3134; x_wconf 89' lang='lat' dir='ltr'><strong>dum</strong></span> <span class='ocrx_word' id='word_1_89' title='bbox 408 3088 480 3134; x_wconf 85' lang='lat' dir='ltr'><strong>esse</strong></span> <span class='ocrx_word' id='word_1_90' title='bbox 504 3069 633 3153; x_wconf 87' lang='lat' dir='ltr'><strong>opinor:</strong></span> 
     </span>
    </p>

    <p class='ocr_par' dir='ltr' id='par_1_8' title="bbox 408 3177 1165 3369">
     <span class='ocr_line' id='line_1_17' title="bbox 409 3177 1165 3260; baseline 0 -19"><span class='ocrx_word' id='word_1_91' title='bbox 409 3177 481 3242; x_wconf 86' lang='lat' dir='ltr'><strong>oino</strong></span> <span class='ocrx_word' id='word_1_92' title='bbox 516 3177 598 3240; x_wconf 77' lang='lat' dir='ltr'>hono</span> <span class='ocrx_word' id='word_1_93' title='bbox 632 3177 799 3260; x_wconf 83' lang='lat' dir='ltr'><strong>ploirumai</strong></span> <span class='ocrx_word' id='word_1_94' title='bbox 835 3177 1016 3242; x_wconf 80' lang='lat' dir='ltr'><strong>cosentiont</strong></span> <span class='ocrx_word' id='word_1_95' title='bbox 1050 3184 1165 3260; x_wconf 83' lang='lat' dir='ltr'><strong>gentes</strong></span> 
     </span>
     <span class='ocr_line' id='line_1_18' title="bbox 408 3283 960 3369; baseline 0.011 -22"><span class='ocrx_word' id='word_1_96' title='bbox 408 3285 517 3369; x_wconf 88' lang='lat' dir='ltr'><strong>populi</strong></span> <span class='ocrx_word' id='word_1_97' title='bbox 538 3285 689 3368; x_wconf 83' lang='lat' dir='ltr'><strong>primario</strong></span> <span class='ocrx_word' id='word_1_98' title='bbox 713 3283 794 3348; x_wconf 82' lang='lat' dir='ltr'><strong>suisa</strong></span> <span class='ocrx_word' id='word_1_99' title='bbox 818 3284 897 3348; x_wconf 82' lang='lat' dir='ltr'><strong>viro.</strong></span> <span class='ocrx_word' id='word_1_100' title='bbox 956 3347 960 3353; x_wconf 87' lang='lat'><em>.</em></span> 
     </span>
    </p>
   </div>
   <div class='ocr_carea' id='block_1_8' title="bbox 0 0 1634 4975">
    <p class='ocr_par' dir='ltr' id='par_1_9' title="bbox 0 0 1634 4975">
     <span class='ocr_line' id='line_1_19' title="bbox 0 0 1634 4975; baseline 0 2"><span class='ocrx_word' id='word_1_101' title='bbox 0 0 1634 4975; x_wconf 95' lang='lat' dir='ltr'><strong> </strong></span> 
     </span>
    </p>
   </div>
  </div>
 </body>
</html>
