3259 4975
732 417 954 486 „23-

290 614 445 682 eiusmodi
474 617 626 683 formulas
654 622 688 681 et
715 616 964 702 compositiones
991 625 1101 685 ortas
1135 633 1207 685 esse
1234 639 1299 686 non
1326 616 1395 685 sine

289 725 515 790 allitcrationis
539 725 814 791 animadversione
837 725 889 791 vel
912 725 1083 793 desiderio.

380 831 557 915 Accedunt,
595 852 678 915 quae
711 831 854 899 Naekius
882 834 986 919 primo
1013 833 1095 899 mira
1122 833 1320 901 abstinentia
1343 854 1396 899 ex·

291 939 391 1004 cludit
414 940 454 1004 ab
471 939 617 1006 aedificio
640 960 697 1005 suo
722 936 767 1024 (p.
785 939 885 1023 328),
909 947 975 1006 tum
991 936 1036 1027 (p.
1054 937 1145 1024 411.)
1158 938 1320 1007 'revocata
1337 961 1397 1026 per

290 1049 449 1135 posticum
489 1048 626 1114 inducit:
662 1047 848 1128 artificia,
883 1048 1028 1114 acumine
1055 1048 1176 1132 ingenii
1204 1050 1394 1133 conquisita,

287 1156 377 1221 lusus
401 1156 583 1236 vorborum,
618 1154 757 1220 facetiae
785 1161 899 1239 argute
927 1156 1139 1241 compositae,
1176 1176 1259 1240 qnae
1295 1156 1396 1222 allite·

289 1264 423 1328 rationis
452 1263 570 1327 auxilio
599 1263 704 1327 aerius
731 1263 844 1328 animis
877 1265 1108 1349 impinguntur,
1144 1265 1268 1329 acutius
1301 1284 1396 1329 aures

288 1372 472 1459 percutiunt
495 1376 529 1435 et
552 1377 694 1455 captant.
741 1368 779 1434 In
802 1370 917 1453 quibus
933 1372 1077 1435 omnibus
1100 1372 1216 1437 mentis
1239 1372 1397 1436 humanae

290 1480 413 1545 deliciis
451 1477 666 1563 percipiendis
705 1479 913 1563 praecipuum
951 1478 1128 1563 voluptatis
1166 1479 1285 1545 sontem
1324 1497 1397 1543 esse

290 1586 537 1652 alliterationcm
566 1584 758 1669 putaverim,
796 1606 890 1669 qnam
927 1586 955 1651 si
983 1587 1174 1672 dempseris,
1211 1586 1397 1671 saepissime

290 1696 353 1761 iam
368 1694 452 1759 nuda
469 1692 523 1759 illa
539 1700 637 1775 atque
653 1692 780 1775 frigida,
805 1692 858 1759 vel
880 1712 1013 1779 prorsus
1034 1703 1179 1760 emortua
1193 1693 1396 1759 videbuntur.

379 1802 447 1867 Iam
470 1796 656 1885 formae*)
681 1802 840 1884 quaedam
862 1802 895 1865 in
924 1800 1149 1867 constituendo
1172 1801 1397 1868 allitcrationis

290 1931 349 1975 usu
372 1908 603 1975 discernendae
628 1915 713 1991 sunt;
750 1909 945 1973 creberrima
973 1915 1006 1974 ct
1033 1909 1265 1994 simplicissima
1294 1908 1397 1974 allita-

289 2018 422 2083 rationis
450 2016 575 2101 speeies
603 2016 752 2096 cernitur,
788 2016 817 2081 si
851 2015 923 2081 duo
957 2017 1075 2081 verba
1108 2036 1149 2081 sc
1177 2017 1395 2100 sequentia,

290 2125 420 2191 eadem
452 2125 572 2189 litera
604 2124 641 2187 in
672 2123 799 2189 initiis
829 2124 959 2208 posita
986 2126 1230 2208 coniunguntur.
1288 2120 1397 2205 Saepe

291 2240 397 2298 autem
420 2232 473 2296 vel
495 2232 568 2315 tria,
598 2238 743 2314 quatuor,
773 2230 911 2314 quinque
937 2240 1096 2298 concentu
1116 2232 1173 2296 illo
1197 2226 1397 2319 (ἄθροισμῷ)

290 2344 481 2419 consonant,
513 2358 611 2423 saepe
635 2344 722 2405 totos
746 2358 860 2403 versus
882 2338 929 2403 ita
951 2346 1161 2424 perstrepunt
1180 2340 1273 2422 quasi
1297 2339 1396 2405 ailite-

289 2448 442 2530 rationes,
480 2447 624 2512 utnulla
648 2445 717 2512 fero
741 2446 804 2512 alia
828 2447 977 2513 audiatur
1003 2447 1109 2528 litera,
1143 2447 1206 2514 nisi
1239 2468 1303 2513 una
1339 2447 1398 2514 illa

289 2555 464 2622 identidem
492 2555 621 2620 iterata.
667 2554 720 2618 Ad
749 2573 831 2638 quae
860 2555 1118 2636 demonstranda,
1149 2573 1217 2620 enm
1250 2555 1398 2640 exempla

291 2663 448 2746 quaedam
477 2661 692 2748 proferamus,
729 2661 869 2746 accipias
903 2663 950 2726 ita
973 2662 1145 2747 disposita,
1180 2671 1217 2728 nt
1239 2663 1272 2726 in
1294 2664 1396 2748 primo

296 2769 407 2835 ordine
423 2770 545 2835 maiora
568 2769 791 2852 ingrediantur
797 2792 805 2852 3
822 2777 889 2834 tum
904 2769 1051 2836 tenuiora
1066 2770 1239 2852 addentur,
1263 2790 1347 2854 quae
1370 2770 1397 2835 si

291 2896 349 2962 per
365 2878 515 2942 robustos
530 2877 603 2942 illos
620 2871 808 2963 προμάχους
822 2885 912 2942 tecta
928 2877 1128 2962 exponimus,
1149 2878 1212 2942 iam
1227 2898 1292 2944 non
1308 2899 1396 2942 vere·

290 3004 374 3068 mur,
395 3003 436 3048 ne
452 2985 576 3068 quisea
593 2991 724 3068 spernat
730 3031 738 3064 ,
755 2991 913 3066 tamquam
925 2984 954 3049 si
970 3004 1059 3048 arma
1070 2984 1156 3050 serre
1171 3005 1234 3050 non
1250 2986 1394 3070 possint:
1420 2965 1424 2970 ’

304 3112 307 3119 ·
379 3091 715 3172 Alliterationem,
757 3100 895 3174 quater
928 3091 989 3156 vel
1023 3093 1227 3175 quinquies
1250 3095 1396 3158 'eadem

291 3199 409 3265 litera
436 3199 475 3262 in
501 3199 703 3263 verborum
738 3218 777 3264 se
807 3199 1052 3282 sequentinm
1080 3199 1205 3264 initiis
1233 3199 1393 3282 iterata,

292 3306 438 3373 effectam
461 3307 652 3392 percipimus

335 3414 423 3478 Trin.
451 3412 535 3478 1088

290 3521 412 3606 periclo
436 3541 494 3605 per
516 3521 697 3607 praedones
721 3517 884 3606 plurumos

334 3629 419 3695 Meu.
443 3627 508 3692 252

289 3737 395 3822 potuit
416 3737 526 3822 paucis
549 3737 643 3822 plura
666 3737 762 3822 plane
785 3731 943 3821 proloqui.

379 3930 406 3997 *i
426 3931 500 3998 Quas
518 3931 562 3986 hio
581 3947 722 4002 exponam,
741 3935 772 3983 ut
784 3945 862 3983 aures
880 3932 995 3993 cosmas,
1015 3944 1084 3996 quae
1097 3927 1138 3981 illi
1150 3930 1281 3983 sermonis
1294 3931 1394 3999 figuras
1491 3959 1501 3979 .

291 4018 345 4058 non
364 4003 463 4072 ubique
482 4004 584 4074 pariter
602 4011 725 4056 assuetas
744 4004 819 4067 sunt,
848 3999 882 4053 ad
901 3999 959 4052 sius
978 4004 1101 4052 naturam
1120 4001 1161 4054 vol
1182 4001 1393 4056 artificiosiorem

290 4076 375 4145 magis
392 4075 504 4129 idoneas
523 4074 641 4129 reddam.
678 4073 824 4127 Praeterea
842 4088 875 4124 ea
893 4070 926 4123 ds
945 4086 1030 4124 eausa
1048 4071 1107 4134 ieci,
1133 4071 1206 4140 qnod
1224 4073 1393 4140 grammatici

290 4147 407 4217 quidam,
427 4148 474 4216 qui
494 4147 556 4200 huie
575 4147 614 4200 rei
632 4161 741 4214 operam
761 4143 898 4206 dederunt,
918 4141 961 4194 rel
980 4159 1033 4196 non
1052 4143 1148 4207 omnia,
1170 4160 1238 4212 quae
1254 4144 1392 4210 constitui,

290 4235 390 4288 genera
409 4219 452 4272 voi
470 4217 525 4272 alia
543 4216 682 4287 quaedam,
702 4231 772 4286 quae
791 4232 808 4269 a
826 4215 905 4268 nobis
923 4213 1084 4279 reiioientur,
1104 4219 1274 4285 acceperunt
