3259 4975
732 328 957 434 -211-
1065 378 1069 383 .

289 529 384 613 plura
414 527 545 607 viderit,
570 547 664 609 quam
688 547 769 610 quae
794 528 848 591 alii
879 527 981 592 videri
1015 546 1114 612 posse
1146 534 1308 607 censeant,
1342 522 1397 609 (of.

289 654 373 719 quae
396 634 472 699 Luc.
497 634 614 699 Miller
644 634 684 698 de
713 654 751 699 eo
784 635 938 700 iudicavit
969 636 1002 699 in
1035 634 1270 719 disputationis,
1304 656 1398 717 quam

292 742 405 807 habuit
429 742 493 824 „de
514 762 550 806 re
575 740 729 805 metrioa“
754 763 785 825 p.
809 738 912 825 452),
936 750 1043 806 tamen
1066 762 1185 806 summa
1209 741 1325 825 dignus
1348 748 1399 807 est

288 850 488 915 reverentia:
528 849 710 929 Recensnit,
740 850 930 931 emendavit,
956 850 1108 935 expendit
1130 850 1239 935 priora
1257 858 1291 913 et
1306 850 1397 915 noris

293 956 462 1021 luminibus
487 962 588 1021 totam
612 976 679 1020 rem
703 956 914 1022 collustravit.

377 1082 460 1147 Post
484 1082 567 1147 hunc
590 1100 655 1145 non
678 1080 806 1168 paroc)
836 1082 877 1145 de
907 1082 1131 1147 alliterationis
1154 1081 1262 1146 indole
1298 1087 1332 1147 et
1365 1082 1399 1144 in

288 1192 399 1274 lingua
421 1189 522 1253 latina
546 1196 580 1253 et
602 1190 634 1251 in
659 1208 778 1272 graeca
801 1196 948 1273 egerunt.

379 1315 696 1395 dementationem,
721 1334 814 1396 quam
838 1314 999 1380 Henrieus
1030 1314 1155 1378 Jordan
1194 1313 1234 1378 de
1266 1314 1327 1379 hac
1362 1332 1399 1377 re

293 1423 479 1509 composuit,
501 1423 561 1485 iam
579 1442 675 1506 supra
696 1422 1014 1501 commemoravimus,
1032 1423 1084 1504 qui
1100 1422 1324 1486 allitcrationis
1340 1421 1399 1485 ori·

290 1532 396 1615 ginem
433 1531 466 1594 in
505 1530 734 1611 antiquissimis
763 1535 796 1593 et
819 1528 973 1592 orationis
994 1529 1156 1613 pedestris
1189 1537 1222 1593 et
1253 1530 1399 1614 poeticae

288 1638 431 1721 reliquiis
459 1636 626 1720 expendit,
651 1637 717 1699 eins
746 1636 807 1698 vim
832 1642 930 1718 atque
961 1638 1117 1701 rationem
1148 1638 1179 1700 in
1212 1637 1323 1719 lingua
1354 1637 1399 1701 la·

291 1748 359 1811 tina
382 1744 556 1821 constituit,
582 1743 739 1826 quomodo
768 1743 933 1825 paullatim
967 1762 1051 1808 novo
1075 1744 1201 1808 dicendi
1224 1744 1336 1827 generi
1366 1744 1399 1806 in

290 1860 459 1938 poetarum
476 1852 626 1936 operibus
643 1852 786 1931 cesserit,
805 1851 1015 1915 demonstrat.
1045 1851 1095 1915 Ex
1112 1851 1231 1915 ceteris
1247 1850 1309 1915 hoe
1325 1851 1399 1913 loco

291 1960 471 2025 Loohium
488 1979 744 2038 commemorem,
770 1958 824 2040 qui
838 1957 1078 2039 dissertatione,
1096 1978 1189 2041 qnam
1222 1957 1290 2039 „de
1313 1958 1399 2021 alli·

290 2068 505 2134 terationis
521 2082 588 2131 usu
603 2067 702 2150 apud
718 2072 856 2151 poetas
871 2064 1246 2147 latinos“oouscripsit,
1255 2061 1399 2148 (dissert.

289 2176 434 2257 inaugur.
462 2174 571 2260 philol.
593 2173 692 2239 Acad.
716 2173 791 2237 Alb.
822 2168 1077 2248 MDOOOLXV)
1112 2172 1173 2237 hoe
1206 2172 1301 2237 modo
1336 2171 1400 2235 dis·

289 2289 390 2367 putat,
415 2288 451 2346 ut
473 2279 517 2363 (v,
540 2305 571 2368 p.
597 2277 643 2365 4.)
690 2279 794 2344 Plauti
820 2286 854 2345 et
875 2279 1019 2344 Terentii
1046 2280 1179 2359 fabulis,
1214 2299 1254 2344 ex
1284 2280 1399 2363 quibus

290 2388 432 2454 Naelrins
456 2389 588 2454 adrem
618 2408 705 2453 suam
728 2388 899 2452 tenendam
923 2388 1096 2472 praecipue
1121 2387 1231 2472 copias
1260 2386 1320 2451 sibi
1342 2408 1400 2471 pa·

290 2503 430 2580 revecat,
466 2496 712 2582 praetermissis,
742 2496 880 2560 omnium
908 2502 1075 2578 poetarum
1110 2515 1210 2581 opera
1242 2494 1294 2561 vel
1328 2495 1399 2559 reli·

382 2743 410 2812 l)
434 2746 548 2799 Praeter
571 2743 639 2796 alios
666 2741 701 2796 R.
724 2741 896 2796 Buchholn
924 2741 958 2795 de
986 2741 1173 2797 alliterationis
1200 2741 1291 2796 indole
1319 2746 1400 2812 atque

292 2838 390 2889 natura
408 2850 513 2903 usuque
524 2832 670 2886 Homerico
688 2831 859 2885 lineamenta
893 2832 921 2885 J.
935 2831 1109 2886 Theobald
1128 2831 1161 2885 de
1174 2832 1400 2886 annominationis

292 2927 320 2978 et
343 2923 531 2978 alliteretionis
559 2921 632 2991 apud
652 2919 808 2985 Ciceronem
837 2937 889 2974 usu
916 2920 1029 2974 Bonnae
1059 2919 1135 2975 1852.
1182 2922 1220 2977 A.
1244 2921 1401 2976 Schlriter

292 3017 411 3068 veterum
429 3012 588 3066 Latinorum
607 3010 753 3064 alliteratio
775 3025 836 3064 cnm
860 3010 1021 3064 nostratium
1039 3011 1219 3066 alliteratioue
1245 3015 1402 3081 comparata

292 3102 408 3156 Monast.
428 3100 561 3155 Guestlal.
583 3098 660 3153 1810.
698 3097 775 3152 Oarl
794 3098 913 3153 Ziswa‘
925 3099 968 3153 die
991 3084 1191 3170 eurythmische
1210 3099 1334 3153 'l'echnilr
1352 3099 1400 3154 des

293 3189 423 3244 Catullus.
460 3189 553 3243 Rich.
573 3187 675 3243 Klotz
694 3188 869 3242 Alliteration
887 3206 913 3241 n.
933 3188 1092 3258 Symmetrie
1113 3189 1158 3243 bei
1176 3189 1291 3242 Plautus
1310 3190 1400 3243 Zittan

294 3279 372 3333 1818.
414 3279 448 3334 G.
467 3277 638 3347 Landgraf
658 3276 868 3347 etymologische
890 3277 1019 3347 Figurcn.
1043 3284 1095 3333 act.
1120 3280 1214 3333 semin.
1243 3279 1352 3347 lirlang.
1371 3278 1401 3333 Π

295 3387 322 3441 p.
343 3367 446 3422 i.-69.
465 3368 592 3422 Prenss
611 3366 644 3420 de
663 3366 789 3421 dissoluti
806 3366 962 3421 bimembris
985 3369 1058 3438 apud
1082 3369 1228 3438 scriptores
1242 3368 1401 3422 latinosusu

294 3457 417 3513 sollemni
433 3456 601 3512 Edenlsoben
626 3454 693 3508 1881
718 3473 744 3526 p.
764 3455 807 3510 50.
854 3455 949 3511 Obiter
976 3456 1009 3511 dc
1037 3458 1217 3512 alliteratione
1238 3461 1351 3528 egerunt
1372 3458 1401 3511 in

296 3548 373 3602 libris
396 3547 464 3612 suis,
494 3561 562 3615 quos
588 3545 754 3614 scripserunt
776 3544 936 3600 Garolina
953 3546 1131 3600 Michaelis
1151 3546 1261 3600 Studien
1288 3563 1338 3600 aar
1360 3563 1401 3600 ro-

293 3636 449 3692 manischen
468 3635 704 3704 Wortsohdpfnug
724 3633 901 3704 1816116,
928 3635 1009 3703 Aug.
1028 3635 1139 3689 Fuchs
1163 3635 1189 3688 d.
1214 3635 1400 3690 romanisehen

295 3725 436 3797 Sprachen
454 3725 482 3778 iu
501 3723 585 3778 ihrem
603 3724 776 3779 Vsrhdltniss
794 3741 856 3778 unm
873 3723 1074 3779 Lateinischon.
1110 3724 1231 3779 Uberius
1253 3741 1308 3778 rem
1330 3730 1401 3778 trao-

292 3817 419 3869 tavsrunt
436 3813 561 3884 Mdhly,
590 3813 608 3867 l.
632 3814 659 3880 l.,
688 3815 735 3883 qni
758 3829 915 3882 graecorum
938 3814 1083 3884 praecipue
1110 3830 1188 3867 nsum
1216 3813 1346 3884 expendit
1372 3817 1401 3867 et

295 3902 463 3957 Wolfflin.
482 3919 506 3957 r.
526 3903 608 3957 etiam
626 3902 824 3957 'l'hielmann
842 3904 964 3970 Anaeige
986 3902 1034 3956 des
1052 3902 1186 3973 Vortrags
1208 3921 1260 3958 ron
1279 3903 1401 3958 Wdliilin

294 3991 401 4046 Blitter
419 3991 462 4046 111
484 3991 533 4046 das
556 3991 646 4062 bayer.
667 3991 915 4062 Gymnasialwesen
940 3991 1096 4047 18811101
1120 3993 1173 4060 ¹l2·
1210 3992 1401 4048 0.Βό11111101

293 4081 327 4137 de
345 4079 405 4134 ellit
422 4081 494 4153 apnd
513 4080 650 4138 Romanos
669 4081 697 4135 vi
715 4085 743 4136 et
760 4097 810 4137 usu
829 4079 1018 4152 Βο1ο11884.
