3259 4975
670 409 871 475 ..15-

308 643 431 709 Primus
470 643 613 708 Joannes
658 644 815 709 Jovianus
849 644 1013 709 Fontanus
1048 649 1319 727 commemoretur,

222 751 285 834 qui,
309 757 345 815 ut
366 770 481 814 nomen
505 752 551 815 rei
578 752 742 836 proprium
765 753 902 836 reperit,
926 752 972 816 ita
994 752 1122 816 uberius
1157 772 1223 815 rem
1251 750 1320 815 illu·

220 859 343 923 stravit.
382 858 466 922 lllud
487 858 594 941 igitur,
632 879 700 923 cnm
726 860 848 939 melius,
866 880 960 942 quam
981 866 1090 923 cetera
1107 859 1135 923 ei
1158 859 1319 943 imposita,

221 967 370 1030 virtutem
404 968 471 1029 eius
496 966 754 1049 comprehendat,
790 985 891 1048 usque
920 968 961 1031 ad
989 967 1050 1031 hoc
1073 973 1197 1050 tempus
1225 966 1254 1030 ei
1283 967 1321 1029 si·

221 1072 420 1157 gnificandae
444 1073 625 1156 adhibetur3
651 1072 801 1153 definitio,
829 1095 890 1158 qua
913 1093 983 1138 eam
996 1074 1178 1158 complexus
1206 1081 1256 1137 est
1273 1075 1323 1138 vir

220 1181 275 1246 ille
299 1183 421 1261 doctus,
446 1181 586 1262 quamvis
609 1200 672 1244 non
696 1180 821 1245 omnino
855 1182 952 1265 plane
982 1180 1187 1265 perfecteque
1220 1188 1322 1246 totam

223 1288 289 1353 eius
313 1289 482 1371 imaginem
507 1290 662 1371 exprimat
685 1294 779 1370 atque
803 1287 950 1369 effingat,
976 1295 1081 1352 tamen
1109 1288 1200 1352 huius
1228 1308 1322 1371 quae

222 1396 334 1460 stionis
359 1396 595 1461 fundamentum
609 1416 725 1479 magna
742 1414 781 1459 ex
798 1403 891 1479 parte
906 1396 1024 1459 firmius
1041 1396 1236 1478 solidiusque
1252 1415 1324 1460 con·

223 1503 334 1570 stituit.
380 1506 408 1567 A
433 1524 495 1586 qua
517 1504 654 1589 proiecti
678 1503 811 1567 latiores
828 1504 912 1567 illins
928 1503 1077 1585 regionis·
1091 1504 1170 1568 fines
1194 1504 1323 1567 circnm-

224 1611 403 1692 spiciemus.
457 1612 508 1675 Ad
532 1610 653 1692 literas,
678 1632 740 1675 non
765 1611 806 1674 ad
827 1612 926 1675 verba
943 1619 1068 1696 spectat
1099 1609 1322 1675 uiliteratio

224 1717 297 1796 „Fit
322 1718 434 1798 enim“,
459 1725 495 1781 ut
518 1719 595 1783 dicit
618 1720 792 1798 Pontanus,
819 1714 865 1800 (in
890 1718 1021 1801 dialogo
1045 1720 1149 1795 Actio,
1176 1738 1208 1801 p.
1245 1713 1320 1780 235.

223 1843 290 1907 squ.
308 1825 359 1891 ed.
374 1826 472 1889 Basil.
493 1823 591 1909 1538)
618 1826 820 1907 ,alliteratiq
850 1827 975 1908 quoties
999 1826 1156 1909 dictiones
1181 1824 1321 1889 coutinu-

224 1939 308 2008 atae‚
333 1933 385 1996 vel
409 1934 502 1997 binae
526 1933 577 1997 vel
599 1940 711 1998 ternae
736 1934 776 1996 ab
795 1933 906 1997 iisdem
930 1935 1039 2017 primis
1063 1932 1321 2012 consonantibus,

222 2040 352 2103 mutatis
402 2042 574 2123 aliquando
612 2042 792 2121 vocalibus,
836 2048 892 2104 aut
934 2042 973 2103 ab
1017 2041 1129 2104 iisdem
1166 2040 1322 2123 incipiunt

224 2146 353 2230 syllabis
377 2153 432 2212 aut
456 2149 495 2211 ab
519 2148 631 2212 iisdem
655 2149 765 2231 primis
788 2147 984 2213 vocalibus.“

310 2290 424 2373 Itaque
447 2311 510 2354 non
534 2299 584 2355 est
607 2292 851 2374 concedendum,
876 2292 962 2374 quod
996 2291 1123 2373 qnidam
1159 2289 1218 2353 sibi
1251 2307 1323 2372 per·

224 2405 400 2477 suaserunt,
427 2399 507 2462 sicut
529 2398 561 2461 in
584 2399 693 2481 lingua
716 2407 837 2479 nostra,
863 2418 972 2464 omnes
995 2400 1124 2463 vocales
1144 2397 1324 2481 promiscue

224 2505 440 2570 alliteratione
465 2507 622 2590 coniungi.
671 2505 762 2584 Quod
797 2509 881 2572 inter
916 2509 997 2572 alios
1021 2507 1162 2571 Karolus
1186 2505 1324 2568 Bartsch

224 2613 388 2677 contendit
422 2614 457 2675 in
493 2613 575 2696 libri,
612 2635 704 2696 quem
740 2616 870 2699 scripsit
906 2617 984 2695 „der
1018 2612 1217 2678 saturnische
1240 2611 1324 2674 Vers

223 2719 286 2782 und
310 2720 361 2784 die
386 2720 586 2784 altdcntsche
606 2720 809 2804 Langzeilc.“
857 2722 988 2806 Leipzig
1015 2719 1098 2785 1861
1123 2741 1153 2804 p.
1172 2717 1240 2782 ue:
1266 2719 1324 2799 „In

224 2826 281 2890 der
316 2827 489 2893 deutschen
526 2829 643 2894 Pocsie
678 2831 872 2894 alliterieren
909 2829 989 2892 auch
1012 2829 1063 2893 die
1087 2826 1210 2892 Vocale
1233 2833 1326 2890 unter
1430 2821 1438 2830 ’

226 2934 388 3016 einander,
415 2937 443 3000 d.
469 2937 498 3000 h.
524 2936 581 3001 der
606 2933 744 3020 Spiritus
768 2938 859 3016 lenis,
894 2937 951 3001 mit
976 2936 1130 3002 welchem
1163 2934 1325 2999 vocalisch

223 3042 415 3108 anlantende
431 3043 560 3108 Worter
576 3045 745 3128 beginnen.
791 3045 920 3108 Daher
944 3043 1089 3108 kommen
1112 3042 1194 3108 noch
1216 3041 1321 3105 hinnu:

224 3147 558 3236 alternei-advocapit
604 3152 639 3217 0.
669 3153 746 3216 Aru.
780 3151 810 3215 4.
859 3158 1142 3235 argenteo-aureo
1182 3149 1252 3213 Lir.
1288 3145 1322 3210 5.

223 3258 555 3341 amplectens-oraret
579 3259 631 3322 21.
690 3257 788 3336 Quem
818 3259 963 3342 seqnitur
986 3257 1076 3322 Rich.
1101 3257 1197 3320 Klotz
1222 3254 1320 3338 „Alli-

223 3363 364 3429 teration
385 3367 448 3430 und
467 3363 1124 3450 SymmetriebeiPlautus“Zittau1878,
1143 3363 1239 3446 quiin
1256 3361 1322 3426 Mil.

224 3474 305 3558 glor.
335 3494 364 3536 ι.
397 3473 446 3537 12.
482 3474 720 3556 „aequiperare
749 3472 828 3553 ad“,
859 3474 912 3538 33.
944 3487 1075 3554 „omnes
1109 3471 1168 3535 has
1204 3484 1323 3537 aerum·

221 3601 281 3645 nas
305 3578 479 3663 auribus“„
504 3579 556 3645 53.
593 3596 681 3662 „uno
710 3577 774 3646 ictu
815 3579 1003 3647 occideras“
1033 3587 1067 3644 ut
1090 3579 1323 3642 alliterationes

224 3691 293 3753 vult
315 3690 428 3773 accipi.
474 3687 525 3752 Ne
549 3685 625 3769 „a“:
652 3685 725 3769 „o“‚
749 3689 801 3753 vel
825 3686 924 3770 „au“:
950 3686 1012 3770 „a“
1037 3688 1162 3776 quidem
1186 3686 1323 3749 alliteru·

223 3797 340 3860 tionem
357 3797 485 3879 iaciunt,
510 3796 595 3880 quod
612 3794 751 3860 Wolfflin
775 3798 876 3878 „iiber
899 3796 951 3859 die
972 3793 1228 3860 alliterierenden
1244 3791 1323 3855 Ver·

223 3903 407 3986 bindnngen
431 3904 488 3967 der
510 3904 721 3969 lateinischen
739 3900 903 3987 Sprache“
926 3903 1019 3967 nobis
1042 3902 1181 3987 probare
1206 3898 1322 3964 studet.

225 4009 287 4087 Qui
320 4010 564 4075 alliterationem
599 4009 703 4074 audiri
739 4017 830 4096 putat
864 4013 896 4074 in
929 4011 1070 4091 uocibus,
1108 4009 1218 4092 quales
1251 4012 1324 4070 sunt

226 4133 358 4209 „aurum
394 4126 427 4184 et
459 4126 643 4210 argentum,
678 4129 791 4193 auctor
823 4124 857 4184 et
889 4118 1031 4207 adiutor,
1067 4118 1125 4188 alit
1159 4122 1192 4186 et
1225 4120 1324 4206 auget
