3259 4975
223 1362 311 1475 Non
333 1412 431 1475 multo
447 1416 625 1496 postquam,
651 1411 703 1493 qui
726 1416 857 1476 nostrae
877 1413 987 1497 poe‘sis
1003 1411 1107 1491 ‘indoli
1126 1417 1223 1494 atquc
1243 1412 1326 1496 prin·
1367 1415 1370 1418 ’

224 1520 313 1603 cipiis
328 1518 557 1601 investigandis
574 1539 705 1603 operam
722 1519 880 1584 dederunt
894 1521 954 1583 viri
971 1520 1065 1601 docti,
1088 1519 1322 1599 alliterationis,

223 1648 305 1710 quae
334 1626 461 1706 dieitur,
498 1626 634 1709 vestigia
667 1627 767 1691 secuti
801 1634 875 1692 aunt
906 1628 1037 1711 eiusque
1065 1628 1106 1691 de
1133 1627 1261 1710 legibus
1290 1633 1324 1691 ct

222 1754 280 1798 usu
303 1735 334 1797 in
363 1734 554 1798 carminibus
577 1732 799 1799 vetustissimis
828 1736 994 1820 disputare
1020 1736 1217 1819 inceperunt,
1246 1734 1325 1801 illud

224 1841 360 1905 studium
384 1842 477 1905 etiarn
501 1842 543 1905 ad
566 1842 706 1924 linguam
734 1842 866 1907 latinam
894 1849 927 1907 et
956 1862 1104 1927 graecam
1134 1841 1325 1918 translatum

224 1956 283 2014 est.
330 1950 378 2013 Ac
402 1948 537 2035 primum
560 1948 687 2032 quidem
711 1951 857 2033 quaestio
881 1951 947 2031 illa,
977 1950 1118 2033 quamvis
1141 1970 1161 2013 a
1183 1950 1325 2033 priorum

222 2062 399 2141 temporum
422 2057 637 2139 grammaticis
661 2078 724 2123 uon
749 2064 835 2122 esset
857 2058 1014 2141 neglecta,
1042 2057 1134 2142 parvi
1157 2058 1325 2122 videbatur

221 2164 371 2229 momenti
393 2182 497 2246 neque
520 2184 666 2248 magnum
689 2166 900 2249 promittebat
923 2170 1080 2230 eventum.

312 2270 517 2352 Deterrebat,
542 2273 574 2336 ni
598 2271 701 2353 fallor,
731 2274 890 2337 sententia
912 2272 1116 2354 Lachmanni‚
1147 2293 1175 2337 v.
1198 2271 1322 2355 illustr„

223 2374 312 2463 qui*)
341 2378 588 2443 alliterationem
625 2380 665 2443 ab
701 2400 759 2444 usu
795 2400 959 2463 graecae
988 2381 1117 2463 linguae
1144 2380 1240 2464 plane
1269 2380 1323 2443 ab·
1366 2431 1368 2434 .

222 2489 370 2569 horrere,
395 2489 522 2570 linguae
545 2489 693 2554 latinae
717 2510 780 2554 non
803 2490 865 2552 nisi
887 2491 919 2553 in
942 2489 1159 2574 priscorum
1181 2488 1323 2553 fortasse

152 2639 153 2644 κ
222 2579 389 2678 poetarum
412 2596 563 2680 operibus
586 2597 647 2662 hic
669 2597 753 2661 illic
776 2597 898 2682 percipi
920 2615 1018 2682 posse
1042 2595 1249 2660 confirmavit.

311 2701 387 2766 Oum
415 2709 521 2767 autem
548 2704 651 2786 magis
681 2705 845 2788 magisque
878 2706 998 2768 animus
1026 2703 1247 2768 attenderetur
1280 2701 1322 2766 ad

223 2811 352 2896 priscae
384 2811 558 2882 latinitatis¹
584 2830 760 2875 sermonem
791 2811 1024 2894 rationemque,
1070 2832 1139 2876 oum
1170 2811 1325 2893 reliquiae

221 2917 305 2982 illius
329 2919 444 2982 aetatis
473 2919 718 2983 emendarentur
747 2927 779 2984 et
808 2919 1055 3003 corrigerentur,
1084 2919 1194 3000 virum,
1231 2937 1324 3002 quern

223 3044 319 3110 supra
361 3026 587 3090 nominavimus
632 3027 862 3110 doctissimum,
905 3027 937 3090 in
980 3027 1041 3090 hac
1082 3047 1119 3090 re
1162 3027 1323 3090 erravisse

222 3134 409 3217 apparebat.

310 3239 379 3305 Iam
407 3223 599 3324 delectabat,
635 3241 773 3326 vestigia
800 3240 1023 3307 alliterationis
1051 3241 1103 3305 vel
1129 3241 1162 3307 in
1189 3241 1324 3306 aliorum

222 3347 409 3431 populorum
433 3369 578 3414 sermone
603 3350 701 3434 sequi,
728 3350 811 3433 quod
827 3349 899 3414 huic
915 3350 1095 3433 quaestioni
1117 3369 1200 3414 nova
1216 3349 1323 3415 attulit

220 3455 425 3522 incrementa.

312 3686 338 3754 1)
367 3705 391 3742 v.
416 3687 570 3742 Halie’sche
588 3687 789 3758 Encyeloptdie
818 3705 839 3742 s.
867 3706 894 3743 v.
912 3685 1087 3742 Alliteration
1115 3691 1143 3741 et
1166 3687 1324 3742 Lachmann

222 3775 268 3830 Κ1.
288 3775 363 3831 Schr.
383 3779 406 3844 I,
427 3775 490 3833 138:
521 3795 567 3846 ‚es
589 3779 627 3832 ist
648 3777 718 3832 wohl
737 3777 966 3844 vahrscheinlich,
995 3777 1058 3832 dass
1081 3778 1125 3831 die
1147 3771 1323 3832 Alliteration

221 3866 409 3936 urspriiuglich
428 3868 596 3936 germanisch
615 3867 663 3932 sei,
687 3867 811 3922 venrant
830 3884 860 3922 es
878 3867 1042 3922 nveiscihaft
1059 3867 1169 3921 bleibcn
1191 3881 1263 3935 mag,
1287 3868 1323 3921 ob

222 3955 270 4008 der
287 3955 365 4010 Reim
389 3957 464 4011 nicht
486 3956 622 4011 vielleicht
645 3973 694 4010 aus
718 3957 778 4010 dem
797 3955 892 4011 Orient
918 3959 1076 4026 gekommen
1102 3958 1146 4009 ist.
1193 3956 1323 4010 Dennocb

222 4061 277 4098 war
304 4062 334 4100 es
362 4046 439 4100 nicht
465 4047 534 4100 eben
551 4046 678 4111 abortant,
707 4047 744 4099 im
762 4045 866 4100 Homer
892 4046 936 4100 die
954 4046 1128 4101 Alliteration
1155 4063 1189 4107 au
1213 4045 1324 4111 sucben,

221 4133 291 4188 wohl
310 4136 390 4203 aber,
419 4136 458 4190 sie
477 4135 553 4189 darin
571 4153 606 4190 zu
624 4135 725 4201 finden;
754 4135 800 4190 bei
828 4136 879 4190 den
899 4137 1003 4190 uralten
1025 4136 1176 4191 rbmischen
1194 4135 1325 4192 Dicbtcrn

224 4224 312 4284 vinde
332 4241 394 4282 man
412 4225 548 4284 vielleioht
566 4225 641 4280 nicht
658 4226 806 4298 vergebens
826 4225 952 4281 sucben‘.
