3259 4975
668 454 867 520 ..13-

215 654 439 735 conveniebat,
470 654 519 719 vel
544 654 628 738 quia,
653 652 875 739 philosophiae
891 653 983 736 graui
1003 652 1139 734 deditus,
1166 653 1317 718 abhorre·

214 764 271 827 but
293 763 333 826 ab
363 762 612 845 elegantioribus
637 782 714 826 suae
739 762 857 826 aetatis
881 761 1007 826 dicendi
1030 760 1149 825 formis.
1196 762 1235 825 In
1257 761 1317 825 'Pe-

213 869 309 936 rentii
332 869 448 933 sabulis
472 869 645 935 alliteratio
670 867 768 934 multo
792 870 896 934 rarior
920 875 978 951 est,
1015 889 1108 953 quam
1142 869 1174 933 in
1209 869 1317 933 Plauti

214 977 377 1063 operibus.
425 976 502 1041 Cum
538 977 650 1042 literae
685 978 831 1042 Graecae
854 978 977 1042 Romae
1013 976 1115 1059 magis
1151 978 1317 1061 magisque

214 1090 436 1165 tractarentur,
463 1104 531 1149 cum
556 1085 793 1169 simplicitatem
814 1083 982 1168 quandam,
1007 1084 1234 1167 frugalitatem,
1267 1105 1317 1148 ru·

214 1192 387 1258 sticitatem
412 1192 571 1276 elegantia
594 1200 627 1257 et
649 1193 815 1257 urbanitas
840 1199 1061 1275 sequerentur,
1091 1212 1168 1256 usus
1184 1191 1269 1256 illius
1285 1191 1318 1255 fi·

215 1318 317 1383 gurae
341 1300 495 1365 orationis
519 1300 628 1385 paullo
652 1300 804 1365 decrerit.
851 1300 953 1364 Recte
976 1304 1084 1363 monet
1106 1298 1248 1363 Lochius
1272 1295 1317 1381 (v.

214 1428 264 1490 qu.
283 1427 343 1470 scr.
361 1407 401 1472 de
417 1427 475 1471 usu
491 1408 715 1473 alliterationis
739 1409 823 1491 apud
840 1414 954 1491 poetas
977 1406 1095 1471 latinos
1112 1427 1141 1490 p.
1164 1406 1195 1470 2.
1221 1413 1253 1471 et
1269 1402 1317 1489 3.)

213 1534 282 1578 eam
329 1513 485 1579 dellorere
532 1496 617 1600 apud
656 1514 857 1595 Ciceronem,
904 1512 1077 1595 Catullum,
1124 1512 1314 1595 Vergilium,

212 1621 282 1686 fere
305 1624 429 1686 omnino
454 1623 620 1687 evanuisse
644 1623 676 1686 in
692 1624 847 1707 poematis
868 1622 1013 1686 exeuntis
1035 1620 1231 1705 reipublicae
1254 1620 1318 1705 pri·

213 1747 395 1813 morumque
419 1730 617 1795 sacculorum
640 1752 672 1814 p.
698 1730 771 1796 Chr.
795 1753 825 1793 n.

304 1837 337 1902 Si
361 1839 471 1923 paucis
495 1838 586 1923 huius
623 1838 897 1903 commentationis
932 1856 1083 1901 summam
1120 1836 1317 1901 constituere

212 1944 366 2027 volumus,
391 1946 483 2009 nobis
500 1946 666 2011 dicendum
692 1948 761 2027 erit,
785 1947 817 2010 in
841 1946 951 2029 lingua
973 1943 1075 2007 latina
1095 1943 1318 2007 alliterationis

214 2053 349 2117 studium
373 2052 499 2116 insitum
523 2073 594 2118 esse
617 2056 743 2139 priscae
767 2056 865 2119 aetati
890 2052 1043 2117 sermonis
1063 2050 1239 2136 popularis,
1273 2052 1317 2115 in·

213 2160 318 2225 veniri
336 2181 404 2225 eam
420 2160 453 2225 in
479 2161 666 2246 proverbiis,
691 2162 833 2227 formulis
857 2161 1108 2226 consecrationis
1132 2165 1166 2223 et
1184 2160 1318 2243 precati·

213 2268 294 2349 onis,
318 2266 453 2331 iniuria
477 2271 603 2352 normis,
629 2271 695 2335 sive
718 2270 792 2334 illae
817 2269 953 2333 orationi
970 2266 1124 2351 pedestri,
1149 2266 1218 2330 siue
1240 2276 1316 2352 poe·-

212 2374 296 2440 ticae
320 2374 516 2440 addicendae
552 2384 632 2459 sunt,
669 2378 782 2461 vigere
817 2377 849 2440 in
884 2376 1035 2459 operibus
1070 2374 1199 2459 priseae
1234 2373 1315 2438 artis

212 2484 371 2567 poeticae,
396 2506 499 2568 neque
527 2487 628 2550 minus
653 2487 774 2571 epicae,
810 2507 903 2569 quam
938 2483 1143 2547 dramaticae.
1190 2479 1316 2546 Paulla-

213 2593 268 2656 tim
292 2612 397 2657 mores
420 2600 593 2657 mutantur:
642 2594 720 2659 Cum
743 2593 889 2658 doctrina
913 2592 1039 2658 Graeca
1062 2591 1104 2655 ad
1127 2591 1240 2655 literas
1257 2589 1315 2653 La-

212 2699 298 2763 tinas
327 2701 557 2783 quodammodo
593 2701 771 2784 elegantius
795 2702 1027 2786 expolitiusque
1052 2697 1235 2762 educandas
1270 2719 1318 2762 ar·

215 2816 406 2889 cessaretur,
437 2815 608 2873 concentus
642 2809 697 2873 ille
731 2829 844 2874 vocum
878 2808 1014 2891 frugalis
1050 2827 1070 2869 a
1105 2805 1316 2886 scriptoribus

215 2913 319 2980 doctis
353 2917 416 2979 iam
451 2935 514 2979 uon
549 2917 774 2999 adhibebatur,
810 2923 898 2981 certe
934 2936 998 2980 nou
1033 2913 1244 2978 adhibebatur
1276 2912 1317 2975 ab

213 3022 287 3103 illis,
308 3024 380 3106 ‚qui
415 3024 603 3089 uarietatem
638 3032 671 3089 et
709 3026 920 3091 urbanitatem
955 3022 1181 3106 sequebantur.
1228 3018 1317 3084 Usus

214 3129 298 3194 illius
326 3131 490 3212 formulae,
516 3152 608 3214 quem
644 3133 778 3198 diximus
813 3133 1088 3213 artificiosum,
1125 3131 1186 3194 arti
1210 3128 1317 3193 rheto-

214 3237 301 3302 ricae
318 3238 468 3321 cultoqnc
485 3241 647 3323 cogitandi
672 3248 705 3306 et
720 3241 847 3306 dicendi
863 3239 974 3323 generi
990 3247 1102 3322 gratus
1119 3246 1151 3302 ct
1167 3243 1317 3321 acceptus

215 3353 279 3430 est;
322 3352 356 3410 at
390 3355 584 3412 evanescunt
618 3350 846 3414 consonantiae
882 3349 1042 3433 simplices
1077 3352 1110 3410 et
1142 3343 1317 3408 naturales.

135 3509 138 3514 .
216 3451 397 3540 Scriptores
433 3456 568 3538 quidam,
601 3456 687 3520 velut
744 3456 966 3538 Quintilianus,
1005 3455 1046 3518 ab
1070 3453 1129 3517 hae
1164 3447 1319 3516 orationis

214 3562 316 3643 figura
340 3564 436 3649 plane
460 3564 643 3646 abhorrent,
661 3564 735 3648 quia
752 3565 881 3628 auribus
902 3563 988 3628 illins
1009 3562 1126 3627 aetatis
1149 3557 1319 3625 iniucunda

214 3683 249 3735 et
279 3671 331 3736 uel
366 3674 462 3741 multo
498 3673 708 3756 artificiosior,
744 3674 795 3737 vcl
824 3674 922 3738 multo
946 3671 1117 3756 simplicior
1139 3667 1317 3731 videbatur·
1348 3720 1351 3726 .

213 3779 346 3864 Fronto,
382 3783 548 3868 Apulejus,
583 3782 715 3864 Gellius,
755 3783 808 3846 alii
845 3781 1059 3845 alliteratione
1090 3783 1228 3855 utuntur,
1267 3774 1318 3840 rel

213 3888 341 3974 priseae
364 3891 481 3955 aetatis
515 3909 603 3953 usum
630 3891 753 3970 imitati,
783 3889 836 3954 vel
865 3909 905 3954 ex
928 3887 1067 3972 antiquis
1094 3888 1317 3972 depromentes

214 3999 423 4062 monumentis
440 3997 594 4062 eiusmodi
612 3997 776 4061 dictiones.

304 4105 342 4168 ln
365 4105 455 4191 poesi
479 4106 603 4188 vulgari
626 4111 732 4170 tamen
755 4106 865 4170 nescio
889 4125 930 4168 an
952 4105 1036 4169 illins
1053 4099 1224 4168 schematis
1240 4121 1317 4166 usus

216 4212 334 4290 diutius
357 4215 504 4304 viguerit,
530 4213 652 4313 pariter
676 4213 708 4278 in
731 4213 924 4287 carminibus
952 4212 1071 4308 lyricis,
1107 4212 1140 4277 in
1173 4210 1318 4280 versibus
