3259 4975
665 520 888 590 ...21-

224 721 313 806 quias
336 722 512 805 adhiberet,
537 721 591 805 qui
623 743 724 806 usque
759 723 800 787 ad
824 722 961 808 Vergilii
988 697 1113 809 tempus
1145 720 1328 807 floruerunt,

223 840 288 896 tum
311 831 478 896 maximam
493 838 617 916 partem
640 829 755 912 Ovidii,
782 831 908 913 deiude,
934 840 968 898 ut
983 832 1135 899 transiret
1158 828 1199 897 ad
1214 839 1329 918 poetas

115 934 120 939 ’
224 939 339 1021 quarti,
369 938 477 1021 quinti,
503 936 590 1003 'sexti
614 937 742 1018 saeculi,
777 958 868 1018 „cnm
900 940 935 1004 in
962 939 1069 1025 poetis
1096 941 1167 1005 aevi
1190 941 1330 1025 Augusti

223 1046 455 1130 primorumque
479 1044 677 1111 saeculorum
700 1067 731 1129 p.
757 1045 831 1111 our.
855 1068 884 1112 n.
915 1046 1037 1111 nullum
1065 1048 1135 1134 fere
1163 1047 1327 1115 0111101011-
1436 1143 1438 1147 Ι

225 1153 293 1217 onis
317 1153 487 1237 vestigium
508 1150 721 1217 invenisset.“

317 1276 413 1345 Certe
437 1299 486 1359 ea,
512 1296 593 1363 quae
617 1277 657 1342 de
682 1285 818 1362 quatuor
841 1279 1070 1346 alliterationis
1092 1280 1281 1364 generibus,
1310 1302 1331 1345 a

224 1384 348 1451 Naclrio
381 1386 570 1467 constitutis,
601 1386 687 1474 dicit,
724 1387 859 1451 alterum
885 1388 1079 1472 tertiumque
1108 1408 1144 1453 se
1170 1388 1328 1470 omittere,

226 1512 294 1558 cum
310 1494 436 1579 saepius
453 1512 546 1557 aures
564 1492 738 1576 oculosque
755 1493 878 1577 fallant,
896 1515 966 1559 mea
982 1495 1109 1580 quidem
1125 1496 1284 1561 sententia
1299 1496 1331 1561 ci

226 1600 434 1665 concedenda
458 1607 545 1684 sunt;
570 1601 619 1665 sin
643 1600 788 1665 ordinem
804 1602 1048 1686 alphabeticum,
1073 1602 1115 1667 ad
1130 1602 1330 1687 disponenda

227 1707 361 1791 singula,
385 1707 598 1773 alliteratione
623 1714 751 1791 ornata,
782 1729 801 1772 a
828 1706 954 1774 Naekio
983 1710 1104 1795 optimc
1131 1710 1331 1795 propositum

226 1822 323 1899 atque
345 1810 564 1899 adhibitum,*)
582 1816 646 1879 suia
662 1815 806 1880 artificiis
828 1816 1003 1901 postponit,
1026 1818 1069 1900 (v.
1086 1838 1118 1901 p.
1136 1812 1240 1901 8.)**)
1256 1816 1331 1882 mibi

226 1943 290 1988 nou
302 1922 481 1991 laudandus
494 1940 566 1986 esso
577 1921 711 1987 videtur.
737 1920 843 1987 Credo
854 1922 1010 2016 equidem,
1024 1923 1175 1989 Lochium
1188 1924 1230 1990 de
1241 1932 1333 1990 recta

226 2030 278 2094 via
298 2029 469 2095 deductum
490 2048 562 2095 esse
586 2028 626 2093 ad
648 2031 799 2095 tenebras
816 2038 850 2095 et
865 2030 1080 2113 difficultates,
1103 2050 1173 2096 cum
1193 2052 1330 2097 sensus

227 2138 460 2202 similitudinem
475 2144 656 2220 quaereret,
680 2140 734 2204 ubi
757 2138 840 2205 soni
864 2137 1035 2203 similitudo
1051 2138 1180 2203 maioris
1198 2145 1249 2205 est
1267 2160 1330 2206 mo-

226 2246 337 2327 menti,
363 2264 434 2310 cum
454 2244 662 2310 animorum
686 2246 909 2329 cognationem
930 2246 1153 2326 admiraretur,
1177 2246 1233 2311 ubi
1253 2266 1330 2312 cor·

225 2374 356 2439 porum
373 2352 521 2435 cognatio
540 2352 619 2417 satis
637 2360 688 2417 est
703 2354 848 2434 iucunda,
874 2354 1011 2438 denique
1027 2373 1096 2418 cnm
1112 2354 1332 2421 secundarium

227 2460 317 2542 illud,
342 2459 428 2544 quod
452 2460 529 2526 dicit
551 2458 703 2542 Naekius,
728 2482 788 2547 pro
812 2461 963 2545 primario
987 2462 1161 2547 acciperet.
1348 2458 1351 2461 ’

318 2586 464 2668 Accedit,
489 2586 574 2670 quod
604 2587 850 2651 alliterationnm
885 2587 1105 2652 distinctiones
1140 2578 1356 2672 ordinesque

228 2715 248 2758 a
272 2713 384 2766 sensu
400 2695 525 2780 petita
541 2694 635 2778 plano
657 2714 720 2758 uon
737 2702 873 2778 possunt
894 2694 1058 2759 continere
1082 2713 1191 2760 omnes
1207 2697 1332 2778 species

227 2801 461 2882 alliteratiouis,
496 2821 622 2886 semper
645 2802 770 2884 aliquae
793 2803 955 2882 resistunt,
993 2801 1033 2866 de
1057 2802 1170 2885 quibus
1194 2803 1333 2868 dubitari

227 2909 342 2993 possit,
366 2915 469 2972 utrum
492 2909 541 2973 his
566 2929 606 2972 an
629 2908 693 2973 illis
718 2908 907 2974 addicantur
931 2909 1098 2991 classibus,
1127 2910 1220 2974 immo
1249 2929 1332 2993 quae

227 3017 356 3099 agmina
383 3014 438 3079 illa
467 3024 500 3081 et
533 3017 662 3082 ordines
690 3024 897 3102 perrumpant
933 3025 967 3082 et
1000 3016 1199 3102 perturbent.
1253 3017 1333 3080 Tum

227 3145 292 3188 nou
322 3124 502 3207 negandum
534 3131 601 3212 est,
637 3124 732 3188 etiam
770 3125 834 3188 alia
869 3143 967 3189 causa
1005 3124 1148 3188 adiuvari
1180 3123 1332 3208 placitum

228 3239 380 3296 nostrum.
428 3229 462 3294 Si
487 3231 568 3296 enim
593 3233 663 3313 quis
692 3231 790 3295 utitur
824 3231 1088 3317 dispositionibus
1122 3229 1196 3307 illis,
1230 3231 1282 3294 vel
1314 3251 1334 3294 a

227 3339 396 3403 verborum
421 3345 581 3402 structura
605 3345 637 3401 et
661 3339 904 3421 compositione,
929 3339 981 3402 vel
1005 3361 1024 3402 a
1047 3336 1215 3422 principiis
1231 3358 1332 3420 gram·

227 3447 360 3527 maticis,
377 3451 419 3530 ⁸ut
441 3446 487 3509 ita
510 3445 624 3525 dicam,
648 3445 802 3528 profectis
819 3481 862 3490 —
887 3447 975 3510 velut
998 3445 1024 3508 si
1049 3444 1238 3526 colligantur
1260 3443 1332 3526 loci,

226 3554 394 3636 inquibus
419 3551 974 3641 alliterationemiaciuntautduo
1012 3553 1140 3616 nomina
1175 3558 1231 3615 aut
1267 3551 1330 3616 duo

227 3657 336 3742 ¹verba,
361 3667 416 3724 aut
441 3660 571 3724 verbum
594 3678 662 3722 cum
680 3679 736 3724 suo
754 3659 926 3740 adverbio,
944 3665 1062 3740 cetera,
1089 3677 1173 3740 quae
1189 3655 1334 3722 Naeirius

227 3767 248 3831 1.
272 3767 294 3832 l.
318 3789 350 3852 p.
375 3755 462 3832 401(
481 3767 659 3852 proposuit,
684 3765 823 3830 Lochius
858 3766 991 3850 accepit,
1016 3782 1061 3810 -’
1085 3784 1185 3849 saepe
1220 3765 1334 3829 dirum·

227 3874 352 3958 pendae
381 3878 454 3938 sunt
489 3874 721 3938 alliterationes
756 3873 892 3958 plurium
928 3891 1051 3954 vocum,
1086 3872 1205 3936 eisdem
1230 3872 1334 3936 literis

227 3981 343 4064 factae,
369 4001 451 4064 quae
474 3981 506 4045 in
528 4001 589 4046 uno
606 3999 701 4046 versu
716 3980 768 4044 vel
791 3979 825 4044 iu
841 3979 1054 4064 compluribus
1078 3980 1234 4044 continuis
1260 3999 1332 4043 con·

316 4192 341 4263 *J
361 4194 396 4247 er,
415 4193 508 4262 Mthly
527 4192 544 4247 1.
564 4192 582 4246 1.
602 4209 628 4262 p.
648 4191 709 4260 roa,
730 4191 890 4247 wormat
909 4190 927 4244 1.
946 4208 973 4262 p.
994 4190 1019 4244 o.
1125 4148 1128 4154 ¹

298 4281 341 4350 m)
362 4281 397 4337 cf.
416 4281 501 4336 Nack.
521 4281 575 4336 1.1.
595 4299 622 4352 p.
641 4279 702 4333 401.
