3259 4975
649 412 850 476 ..17-

243 612 359 675 Bacch.
385 610 461 675 471.

198 726 295 803 atque
323 739 363 783 ea
393 734 559 786 acerrumo
581 725 731 783 aestuosa
752 716 918 798 absorbet,
940 716 994 781 ubi
1017 735 1173 801 quemque
1194 716 1305 799 attigit

360 828 436 891 ibid.
461 824 525 890 487

356 1042 432 1106 ibid.
457 1040 521 1105 517

196 1144 292 1231 igitur
315 1148 356 1211 mi
381 1144 466 1213 inani
490 1154 586 1233 atquc
611 1145 699 1235 inopi
723 1184 766 1193 .„

350 1256 435 1320 ibid.
459 1255 526 1320 544

196 1364 321 1429 sibimet
344 1384 384 1429 nc
408 1361 588 1429 invideatur
613 1360 674 1449 ipsi
699 1360 830 1447 ignavia
855 1397 899 1409 -

358 1470 437 1536 ibid.
462 1471 526 1535 561

196 1578 273 1661 quid
299 1580 382 1644 istuc
411 1583 480 1647 est?
519 1579 593 1663 quid
623 1581 693 1646 est?
730 1579 842 1643 misine
870 1592 932 1662 ogo
961 1578 1002 1643 ad
1037 1584 1070 1642 te
1104 1591 1144 1644 ex
1172 1574 1299 1665 Epheso

750 1686 919 1771 epistulam

269 1784 272 1791 ’
353 1792 429 1859 578.

197 1899 253 1966 adi
278 1907 420 1966 actutum
444 1902 485 1968 ad
509 1902 588 1966 foris

357 2007 430 2073 719.

197 2112 328 2181 diteram
351 2117 406 2180 ille
431 2123 518 2183 amat
541 2135 683 2181 sororem
708 2135 770 2197 ego
796 2114 930 2181 alteram
954 2117 1067 2183 ambas
1090 2114 1266 2181 Bacchides

239 2222 342 2287 Persa
366 2224 442 2288 222.

194 2328 393 2396 offirmastin’
416 2332 580 2398 occultare
603 2334 666 2414 qud
691 2337 723 2396 tc
747 2330 887 2395 inmittas

355 2436 430 2505 250.

193 2579 236 2590 -
261 2545 312 2613 tbi
337 2553 370 2611 et
393 2567 455 2631 ego
479 2547 603 2615 abiero:
633 2545 759 2614 cimbula

356 2653 431 2720 672.

194 2794 238 2805 -
261 2759 343 2828 dbeo
367 2760 654 2847 dtqued1·gsntum
678 2760 793 2829 ddiero

239 2869 337 2934 Mero.
363 2869 438 2934 973.

30 3013 31 3022 1
142 2968 145 2973 ’
194 2973 392 3041 &dulescenti
417 2975 537 3043 amdnti
561 2977 692 3043 amicam
717 2977 842 3062 eripere
866 2983 1002 3062 emptam
1028 2984 1165 3061 argento
1189 3013 1232 3024 -

283 3083 396 3168 Neque
423 3085 527 3168 magis
558 3093 771 3150 consonantes
796 3085 942 3149 diversae
976 3085 1192 3151 alliteratione
1226 3106 1297 3152 con·

195 3192 285 3274 iungi
307 3199 451 3276 possunt,
476 3194 580 3256 tenuis
604 3193 698 3257 modo
722 3212 790 3257 cum
824 3193 923 3274 tenui,
956 3193 1060 3256 media
1083 3211 1151 3256 cum
1185 3193 1299 3261 media.

193 3297 290 3382 Apud
313 3298 461 3365 Plautum
487 3301 582 3364 etiam
607 3319 637 3365 c:
661 3321 712 3385 qu,
737 3321 772 3383 p:
798 3299 850 3385 ph,
875 3318 907 3363 c:
933 3299 981 3380 ch,
1007 3299 1081 3383 qnia
1103 3301 1226 3384 pariter
1250 3321 1298 3366 so·

193 3412 340 3470 nuenunt.
388 3406 464 3471 Oum
489 3408 669 3492 complures
693 3414 907 3472 consonantes
930 3407 962 3470 in
985 3406 1077 3471 initio
1101 3408 1298 3490 singularum

194 3531 306 3578 vocum
330 3515 455 3598 positae
479 3513 645 3596 exsistant,
670 3534 767 3600 pares
790 3514 885 3578 modo
910 3534 980 3578 cum
1003 3513 1134 3598 paribus
1158 3514 1298 3581 allitera-

193 3618 312 3685 tionem
337 3621 487 3705 efficiunt,
512 3621 597 3686 velut
621 3608 658 3708 sp
675 3640 683 3684 τ
699 3641 747 3706 sp,
784 3641 819 3685 sc
835 3645 843 3706 3
862 3640 904 3703 sc,
942 3628 973 3686 st
990 3644 997 3685 :
1015 3627 1054 3704 st,
1090 3643 1154 3706 pr:
1172 3644 1221 3707 pr,
1257 3623 1297 3689 si·

193 3727 293 3791 milia.

285 3835 350 3901 Sed
384 3837 434 3902 vel
464 3842 662 3920 szstzstr²
691 3836 766 3901 item
795 3833 936 3919 stem,
965 3843 1162 3922 sttsptsc
1196 3838 1297 3904 ailite-

192 3941 321 4008 ratione
344 3945 588 4028 coniunguntur.

240 4049 339 4116 Stich.
364 4050 429 4115 460

193 4177 291 4254 quom
314 4165 427 4236 strena
450 4161 491 4235 mi
515 4161 732 4253 obscaevavit,
758 4167 941 4256 spectatum
963 4160 1026 4232 hoc
1048 4192 1092 4210 -
