3259 4975
752 444 952 512 ...14-

299 642 455 711 Saturniis
484 645 616 729 antiquo
647 664 735 711 more
775 645 969 730 compositis,
1004 666 1099 729 quam
1132 646 1165 709 in
1193 644 1397 729 hexametris,

300 754 455 836 distichis,
480 753 643 819 similibus.
690 751 787 817 Cuius
809 754 857 817 rei
872 754 1053 818 testimonia
1077 752 1158 818 tales
1181 772 1291 818 uersus
1314 760 1397 845 sunt,

297 861 402 944 qualis
425 868 476 926 est
497 862 565 926 illc:

389 986 425 1051 c.
449 985 475 1050 1.
501 986 538 1050 n.
562 985 631 1067 ru,
659 985 753 1050 1824.

298 1107 444 1196 ssuisquis
469 1118 564 1193 amat,
587 1111 707 1177 veniet:
734 1108 848 1177 Veneri
872 1111 946 1177 volo
969 1105 1121 1192 frangere
1145 1118 1254 1178 tostas

298 1214 445 1284 fustibus
471 1227 503 1283 et
526 1219 649 1284 lumbos
673 1217 840 1287 debilitare
863 1217 953 1286 deae.

213 1384 220 1397 ,
297 1325 332 1391 Si
355 1332 462 1409 potest
484 1326 540 1390 illa
563 1328 637 1391 mihi
658 1325 803 1393 tenerum
828 1325 1019 1409 pertundere
1044 1334 1155 1410 pectus

297 1428 370 1499 buit
394 1452 455 1516 ego
479 1454 542 1498 non
566 1435 686 1517 possim
709 1440 808 1517 caput
830 1434 904 1498 illae
926 1429 1081 1517 frangere
1104 1428 1210 1499 fuste?

295 1546 328 1605 et
350 1539 405 1604 ille
428 1542 448 1605 l.
472 1541 494 1605 l.
522 1540 616 1605 1516.

295 1646 358 1712 Hic
383 1668 444 1731 ego
468 1670 550 1713 nuuc
573 1645 664 1714 futue
687 1644 891 1731 formosum)
915 1643 1020 1714 forma
1044 1643 1211 1733 puella(m)

295 1752 496 1838 laudatum)
521 1777 540 1819 a
562 1756 679 1837 multis,
705 1756 762 1820 sed
786 1754 871 1821 lutus
895 1756 979 1819 intus
1002 1763 1081 1819 erat.

382 1880 445 1946 Vel
469 1883 500 1946 in
523 1881 618 1947 medii
646 1882 716 1945 aevi
752 1882 901 1965 operibus
936 1882 1070 1965 poeticis
1106 1881 1279 1946 alliteratio
1317 1882 1396 1946 satis

292 1990 468 2074 conspicua
492 1997 551 2054 est.
603 1991 648 2053 De
664 2010 726 2072 qua
749 2009 785 2055 re
801 1989 951 2053 disseruit
974 1988 1115 2052 Huemer
1138 1990 1170 2051 in
1193 1988 1276 2069 libri,
1302 2008 1394 2072 quem

292 2085 427 2182 scripsit
447 2097 754 2180 „Untersuchungen
771 2098 851 2161 iiber
867 2096 919 2159 die
942 2097 1079 2160 altesten
1104 2095 1397 2160 lateinisch-christ·

290 2204 396 2269 lichen
412 2203 568 2288 Rylhmeu
585 2205 643 2268 mit
659 2205 759 2268 einem
777 2204 916 2286 Anhang
939 2224 1001 2267 von
1018 2203 1184 2288 Hymnen“
1198 2202 1293 2267 Wien
1311 2202 1396 2267 1879

293 2335 326 2397 p.
356 2309 509 2376 tta-54.
542 2311 581 2375 cf.
618 2314 711 2376 etiam
747 2312 886 2376 eiusdem
915 2312 1055 2375 auctoris
1086 2310 1396 2394 „Untersuchungen

293 2420 373 2484 iiber
397 2420 458 2483 den
477 2418 679 2502 jambischen
695 2417 838 2483 Dimeter
861 2420 912 2482 bei
931 2418 992 2482 den
1009 2418 1396 2483 christlich-lateinischen

291 2527 587 2612 Hymnendichtern
622 2528 680 2591 der
713 2526 1032 2608 rorkarolingischen
1065 2525 1154 2590 Zeit“
1180 2527 1275 2591 Wien
1310 2525 1395 2590 1876

292 2656 324 2720 p.
348 2634 403 2698 42.
451 2635 515 2700 Ubi
539 2653 578 2698 ex
609 2635 799 2699 carminibus
834 2634 1020 2716 vulgaribus
1054 2633 1181 2699 illorum
1218 2642 1396 2719 temporum

294 2742 374 2806 satis
398 2763 544 2826 magnum
568 2761 729 2806 numerum
753 2742 1002 2807 alliterationum
1026 2741 1167 2825 collegit.

382 2868 446 2934 Sed
470 2869 635 2932 redeamus
660 2866 700 2930 ad
725 2868 913 2952 scriptorem
936 2876 1097 2950 nostrum,
1122 2869 1154 2931 in
1178 2868 1266 2931 cuius
1294 2866 1397 2952 operi·

293 2977 353 3040 bus
376 2976 496 3040 frustra
521 2975 571 3038 vel
593 2975 787 3040 levissimum
803 2976 887 3040 illius
903 2975 1130 3040 alliteraticnis
1153 2973 1395 3055 „necessariae“

296 3085 463 3166 vestigium
487 3084 694 3168 quaesiveris.
740 3084 892 3148 Abundat
921 3084 975 3148 ille
1008 3083 1069 3147 hac
1093 3083 1195 3147 forma
1231 3080 1396 3160 orationis,

293 3191 350 3254 sed
373 3192 489 3275 ubique
511 3194 566 3272 ita,
591 3198 628 3256 ut
651 3211 720 3256 eam
744 3191 902 3255 libertatis
926 3191 1052 3272 donum,
1078 3211 1141 3255 non
1160 3189 1296 3254 osticium
1312 3188 1396 3272 legis

293 3305 406 3382 putare
430 3299 611 3364 debeamus.

382 3421 459 3486 Cum
502 3431 607 3490 antem
649 3423 690 3488 de
732 3423 954 3489 alliterationis
996 3424 1104 3490 indole
1149 3429 1246 3506 atque
1281 3427 1397 3486 natura
1483 3495 1488 3502 ¹

294 3531 490 3614 grammatici
524 3552 588 3596 non
622 3531 833 3610 consentiant,
872 3532 973 3616 primo
1009 3532 1100 3595 nobis
1139 3530 1396 3596 constituendum

294 3638 366 3720 erit,
390 3658 471 3721 quae
495 3640 537 3704 sit
560 3639 731 3706 alliteratio
756 3647 789 3704 et
812 3638 970 3723 quomodo
992 3637 1058 3702 fiat.

382 3763 520 3830 Veteres
543 3767 740 3847 grammatici
763 3772 827 3830 tam
849 3785 923 3829 raro
948 3770 981 3829 et
1012 3764 1116 3828 obiter
1152 3764 1192 3827 de
1227 3781 1266 3827 ea
1289 3763 1396 3846 dispu-

294 3876 442 3937 taverunt
465 3870 615 3956 (excepto
642 3872 764 3954 Servio,
801 3875 855 3957 qui
888 3874 921 3936 in
944 3871 1152 3935 adnotatione
1176 3872 1217 3935 ad
1234 3871 1314 3936 Aen.
1337 3870 1395 3950 lll,

297 3978 369 4043 183.
393 3977 478 4042 iacta
501 3980 607 4064 paullo
632 3980 760 4044 uberius
784 3980 825 4044 de
849 3981 908 4046 hac
936 3979 1096 4044 luculenta
1119 3979 1261 4063 priorum
1277 3985 1395 4061 tempo·

292 4108 361 4151 rum
383 4087 561 4152 hereditate
586 4084 764 4171 disseruit),
794 4095 891 4152 utne
929 4109 1041 4158 nomen
1076 4085 1220 4178 quidem,
1257 4087 1297 4150 ab
1333 4105 1395 4154 out·

292 4196 384 4268 uibus
408 4199 583 4287 acceptum,
609 4195 640 4265 ei
664 4194 820 4270 inderent.
