3259 4975
315 688 366 753 Nc
390 694 495 753 autem
519 688 588 772 quis
605 689 726 769 credat,
750 707 905 774 perverse
927 706 987 752 uos
1002 686 1204 754 iterationem
1220 707 1334 755 vocum

229 818 298 863 cum
333 798 388 863 illa
414 797 580 861 literarum
608 796 801 879 singularum
837 796 1046 861 consonantia
1074 796 1274 862 coniunxisse
1302 804 1337 862 et

229 906 269 969 ab
299 905 411 970 eodem
440 904 529 969 fonto
558 903 648 987 quasi
684 902 824 983 duxisse,
861 904 921 967 sibi
956 903 987 968 in
1022 911 1160 969 mentem
1193 912 1335 987 revocet,

228 1021 394 1096 utrumque
410 1013 520 1077 valere
543 1033 614 1091 una,
639 1032 701 1075 una
725 1011 948 1093 deflorescere,
973 1011 1027 1093 ita,
1052 1020 1088 1077 ut
1111 1012 1246 1077 alterum
1266 1013 1336 1079 sine

230 1121 333 1185 altero
356 1121 444 1185 velut
467 1127 607 1205 cognato
631 1120 738 1185 vivere
769 1140 872 1203 neque
895 1118 1035 1184 voluisse
1063 1140 1167 1204 neque
1189 1122 1334 1205 potuisse

229 1229 386 1295 videatur.

323 1353 400 1418 Ourn
436 1348 527 1436 enim,
562 1353 752 1418 varietatem
788 1371 933 1435 sequeus,
961 1352 1086 1417 dicendi
1115 1374 1168 1418 ars
1191 1357 1339 1439 procedit

235 1462 278 1526 ad
308 1468 462 1544 ornatum,
492 1467 528 1526 ut
551 1463 679 1525 auribus
704 1460 945 1525 delicatioribus
967 1460 1152 1542 satisfaciat,
1178 1463 1339 1547 simplices

235 1570 312 1634 illac
346 1570 534 1635 iterationes
569 1570 736 1634 verborum
773 1574 1028 1650 contemnuntur,
1065 1576 1238 1635 concentus
1269 1571 1340 1635 lite·

236 1698 351 1760 rarum,
384 1683 478 1761 potes
503 1678 620 1757 dicere,
652 1674 856 1756 „naturales“
883 1682 1078 1740 evanescunt
1100 1677 1275 1760 paullatim,
1304 1685 1339 1742 ut

235 1786 436 1850 extrinsecus
460 1785 561 1869 petiti,
590 1804 650 1848 noc
673 1783 742 1848 fere
766 1784 965 1869 accipiuntur
989 1801 1047 1847 nec
1070 1785 1248 1869 audiuntur,
1277 1784 1338 1849 nisi

235 1891 370 1957 artificio
395 1893 532 1976 quodam
555 1892 714 1957 elaborati
738 1892 923 1956 offerantur.

323 2020 437 2103 itaquo
462 2017 554 2082 nobis
571 2018 696 2081 videtur
713 2016 954 2099 distinguendus
975 2035 1047 2080 esse
1071 2017 1266 2083 naturalis
1286 2018 1339 2083 vel

236 2126 358 2191 subitus
395 2134 492 2209 atque
516 2125 666 2190 fortuitus
695 2124 779 2187 illius
810 2125 1038 2189 consonantiae
1072 2144 1149 2188 usus
1177 2126 1218 2189 ab
1245 2126 1339 2191 arti·

236 2233 395 2317 ficioso,
414 2234 566 2316 cogitato,
584 2232 740 2315 quaesitO,
757 2222 929 2314 vulgaris
947 2252 966 2294 a
981 2232 1195 2297 rhetorico.
1226 2233 1339 2298 Priore

238 2348 346 2405 aetate
371 2340 567 2425 quarundam
590 2340 769 2422 linguarum
793 2340 970 2403 naturalem
994 2339 1147 2422 valuisse,
1176 2342 1340 2425 proprium

237 2450 353 2514 aetatis
389 2448 622 2533 incomptioris,
662 2446 820 2511 interdum
855 2467 925 2512 cum
959 2447 1031 2511 lusu
1064 2448 1233 2513 verborum
1269 2469 1340 2514 con·

236 2559 383 2638 iunctum,
408 2556 588 2641 posteriore
611 2555 817 2620 artificiosum
839 2556 1081 2638 percrebruisse
1104 2557 1337 2641 affirmaverim,

239 2665 441 2729 similitudine
477 2664 546 2728 soni
578 2663 689 2727 similia
714 2669 769 2727 aut
793 2664 952 2727 contraria
975 2663 1096 2728 arctius
1129 2666 1342 2730 continentem

238 2779 293 2836 aut
315 2772 419 2836 acrius
443 2778 661 2836 secernentem
685 2771 736 2834 vel
765 2771 838 2834 aliis
861 2770 984 2835 facetiis
1009 2790 1103 2835 aures
1128 2773 1342 2839 delectantem

237 2888 333 2964 atque
355 2879 562 2955 irretientem.

326 3006 432 3088 Atque
456 3005 487 3068 in
511 3004 620 3086 lingua
644 3003 770 3068 Graeca
798 3005 905 3088 paullo
942 3002 1137 3068 diffusiorem
1165 3005 1250 3069 illius
1278 3007 1340 3072 lor·

237 3114 340 3178 mulae
367 3133 457 3177 usum
486 3111 598 3193 luisse,
636 3131 729 3194 quam
751 3111 821 3174 fere
850 3111 982 3174 credere
1006 3111 1158 3191 solemus,
1194 3111 1339 3199 Mahly*)

237 3221 329 3285 nobis
357 3219 514 3304 probavit,
551 3219 582 3280 in
607 3218 837 3282 Germanorum
871 3217 1060 3281 carminibus
1089 3218 1263 3286 alliteratio
1299 3223 1342 3285 ad

240 3348 371 3409 „versus
387 3324 523 3409 longos“
551 3326 785 3410 componendos
802 3324 994 3407 aliquamdiu
1008 3328 1235 3390 necessaria
1259 3335 1339 3410 erat,

238 3436 280 3500 H.
305 3428 493 3518 Jordanll)
522 3439 642 3510 monet,
669 3452 739 3496 eam
765 3432 818 3496 vel
845 3433 930 3517 apud
959 3432 1069 3497 Celtas
1098 3439 1130 3496 et
1153 3434 1281 3499 Fennos
1308 3444 1343 3500 ut

238 3549 457 3608 oruamentum
494 3541 649 3604 sermonis
685 3540 828 3604 adhiberi
864 3548 897 3604 et
930 3540 1141 3604 Tartarorum
1176 3541 1341 3624 Mongolo·

237 3669 369 3734 rumque
392 3669 456 3712 non
478 3649 579 3712 minus
604 3648 780 3734 orationem
809 3647 994 3712 sollemnem
1023 3667 1115 3729 quam
1145 3650 1285 3713 carmina
1309 3657 1343 3715 et

237 3757 410 3843 proverbia
446 3775 484 3820 ea
520 3776 592 3820 esse
615 3757 778 3819 instructa.
838 3753 931 3831 Quod
965 3755 992 3817 si
1022 3755 1116 3819 nobis
1145 3755 1176 3819 in
1204 3764 1342 3822 mentem

238 3866 507 3948 revocaverimus,
544 3883 621 3929 sane
643 3863 877 3946 intellegemus,
913 3861 1006 3926 huius
1032 3861 1155 3945 figurae
1179 3883 1267 3928 usum
1291 3866 1343 3930 vel

326 4077 353 4145 l)
373 4065 397 4131 v.
417 4075 509 4131 Neues
528 4073 759 4129 schweinerisches
778 4072 901 4126 Musaum
921 4071 990 4125 1864
1008 4089 1034 4143 p.
1055 4072 1204 4128 nov-259.

308 4166 352 4235 ll)
373 4166 511 4222 Kritische
534 4164 660 4234 Baitriigo
688 4181 735 4216 nur
760 4161 925 4216 Gcschicbtc
952 4161 1000 4215 der
1021 4161 1197 4217 lateinischen
1221 4164 1343 4235 Sprachs

240 4255 387 4312 167-188.
