3259 4975
767 481 991 549 ...24-

324 678 573 747 alliteratiouem
596 678 694 746 multo
717 680 847 765 saepius
870 688 904 747 et
922 681 1023 747 multo
1037 680 1178 747 iocosius
1194 679 1326 746 adhibet
1338 699 1432 764 quam

324 788 386 871 hie,
412 789 465 873 qui
488 788 573 854 haud
596 789 665 854 seio
688 809 728 853 an
745 789 848 871 magis
864 788 974 854 subtili
991 790 1120 855 dicendi
1136 790 1249 873 generi
1264 788 1432 853 studuerit.

322 924 324 931 ’
413 932 497 1016 Age,
514 938 550 996 ut
565 931 638 1013 iam,
656 930 738 1015 q'uae
755 930 939 1013 dixerimus,
956 934 998 999 ad
1013 918 1192 997 Plautinum
1208 929 1432 997 alliterationis

324 1060 415 1106 usum
438 1030 611 1105 vertamus.
650 1038 785 1103 Plautus
801 1038 1013 1123 antiquiorum
1034 1048 1212 1125 temporum
1227 1039 1332 1114 testie,
1357 1038 1432 1103 stilo

324 1167 400 1213 usus
416 1153 452 1211 ot
474 1152 614 1227 versuto,
639 1146 685 1212 ita
701 1166 760 1211 nec
775 1148 869 1211 anxie
885 1146 1140 1213 solliciterenec
1155 1144 1361 1212 artificiosius
1378 1165 1432 1210 ex·

324 1255 436 1341 polit0,
479 1254 628 1338 populari
662 1253 792 1338 linguae
827 1273 904 1319 suae
938 1254 1159 1320 consuetudini
1195 1254 1431 1339 obtemperans,

325 1360 407 1428 adeo
435 1360 578 1426 abundat
600 1360 661 1425 hac
684 1360 820 1443 luxuria,
856 1368 891 1426 ut
925 1381 1030 1447 paene
1058 1362 1272 1447 opprimamur
1301 1368 1334 1425 ct
1362 1360 1432 1425 sub·

323 1488 505 1554 mergamur
536 1469 671 1533 divitiis:
707 1468 850 1552 undique
875 1470 959 1533 enim
988 1476 1158 1534 occurrunt
1186 1468 1431 1549 alliterationcs,

324 1598 404 1661 quas
428 1576 575 1657 diximus,
599 1576 817 1656 naturalem,
847 1576 985 1660 undique
1009 1576 1211 1642 artificiosae.
1258 1573 1431 1657 Permulta,

318 1684 407 1767 ¹quae
431 1684 603 1749 communis
641 1685 795 1748 sermonis
818 1682 954 1748 Romani
989 1704 1066 1749 usus
1094 1685 1176 1765 tulit,
1214 1702 1292 1748 saue
1322 1682 1364 1747 ab
1393 1702 1432 1747 eo

323 1792 465 1857 adbibita
488 1792 694 1873 inveniemur,
719 1788 819 1855 multa
841 1810 934 1873 nova,
958 1791 1076 1876 lepida,
1100 1792 1218 1856 festiva
1242 1789 1375 1854 addidit.

414 1937 522 2019 Atque
545 1933 685 1999 ultimam
709 1933 779 1999 lere
802 1934 1027 2000 alliterationis
1051 1936 1207 2019 originem
1231 1941 1265 2000 et
1283 1933 1432 2017 quodam·

318 2044 419 2125 ,modo
455 2042 553 2106 sctum
588 2062 647 2106 nos
683 2061 881 2125 cognoscere
908 2042 960 2107 vel
987 2042 1020 2107 iu
1042 2043 1145 2125 ipsam
1173 2042 1243 2107 iere
1271 2043 1339 2107 eius
1360 2061 1431 2125 par-

325 2158 428 2217 turam
453 2150 543 2233 quasi
565 2149 778 2232 introspicere
794 2168 892 2234 posse
907 2150 1062 2231 existimo,
1088 2149 1114 2213 si
1138 2149 1238 2214 verba
1257 2149 1336 2214 talia
1358 2168 1431 2213 eon·

324 2257 523 2343 templamur,
549 2256 659 2339 qualia
680 2263 754 2320 sunt
776 2253 911 2337 „babae
934 2255 1078 2339 bombex,
1104 2271 1215 2340 papae,
1236 2251 1430 2337 iuxtax“*),

324 2365 398 2447 alia,
424 2383 506 2449 quae
529 2365 626 2449 plane
647 2364 853 2446 intelligimus
868 2384 933 2429 uon
949 2365 1017 2429 siue
1033 2372 1206 2429 concentus
1221 2362 1314 2443 illius,
1339 2382 1432 2445 quem

317 2471 647 2554 commemoravimus,
672 2470 833 2536 desiderio
850 2490 922 2536 esse
945 2479 1026 2538 orta.
1074 2469 1141 2537 Sed
1157 2472 1252 2537 etiam
1269 2472 1314 2534 ab
1338 2468 1431 2534 aliis

323 2581 494 2646 verborum
517 2579 813 2663 compositionibus,
847 2599 932 2662 qnae
960 2579 1086 2662 lougius
1115 2578 1239 2642 abbae
1269 2584 1431 2644 onomato-

322 2688 418 2774 poeia
441 2687 632 2774 procedunt,
669 2687 897 2751 alliteratiouis
933 2686 1068 2752 studium
1097 2707 1162 2752 non
1190 2686 1308 2751 afuisse
1335 2693 1429 2771 puto;

322 2795 445 2875 audias,
476 2796 503 2858 si
534 2794 651 2878 placet,
682 2793 752 2857 illa:
790 2808 947 2874 numnam,
980 2793 1253 2880 quandoquidem,
1293 2806 1430 2859 conpen-

324 2903 456 2984 turiare,
493 2900 712 2981 concomitari,
749 2901 989 2982 concustodire,
1024 2901 1215 2981 canalicola,
1244 2895 1428 2980 iabrii‘uota,

321 3004 526 3090 fervefacias,
556 3001 729 3090 frigeiecit,
758 3002 955 3090 iomiiieare,
979 3002 1209 3090 flabelliferae,
1239 3007 1429 3074 circumcur-

317 3137 404 3199 sare,
430 3112 584 3194 dieucum,
608 3107 783 3196 furtificus,
816 3111 967 3197 introivit,
1001 3113 1209 3198 largiloquae,
1239 3114 1427 3194 manumitti,

322 3223 507 3304 mirimodis,
539 3221 744 3303 multimodis,
775 3222 1006 3307 eroriurepida,
1041 3222 1261 3307 collierepida,
1299 3235 1429 3304 perpur-

320 3353 416 3416 gare,
456 3342 688 3413 praepropere,
730 3329 935 3412 parcipromi,
983 3329 1209 3413 plagipatidae,
1250 3330 1428 3412 probriper·

320 3440 485 3518 lecebrae,
530 3436 736 3519 subservire,
782 3435 994 3520 transfluere,
1039 3437 1293 3522 subparasituri,
1339 3450 1428 3518 puer-

321 3547 454 3631 perium,
481 3545 689 3626 semisomna,
715 3545 961 3627 suavisaviatio,
986 3545 1205 3625 veriverbium,
1231 3544 1294 3608 alia
1318 3543 1426 3626 molta,

408 3790 434 3860 ⁴i)
454 3793 488 3847 ei.
509 3792 635 3846 formulas
653 3792 716 3847 illus
738 3791 842 3859 ,daries
860 3790 998 3846 durdarics
1017 3791 1176 3845 astalarics‘
1198 3793 1240 3846 vel
1252 3791 1426 3860 ,buathauat

321 3885 388 3939 huot
408 3884 471 3948 (ista
489 3882 562 3952 pista
580 3883 657 3948 sista)
678 3881 803 3936 domiabo
822 3881 1010 3935 damuuustra‘
1032 3879 1111 3946 (Cato
1130 3881 1163 3935 do
1181 3898 1209 3935 re
1228 3887 1293 3935 rust.
1307 3881 1368 3949 160)
1379 3883 1427 3935 ubi

319 3973 523 4036 ullitsrationos,
543 3971 765 4036 homoeoteleuta,
785 3971 1014 4039 reduplicationos
1037 3969 1073 4022 ad
1096 3974 1219 4025 sanetum
1241 3977 1426 4040 secretumque

317 4060 456 4133 ¹quoddam
475 4060 654 4129 effingendam
673 4061 771 4114 mixtas
788 4061 945 4114 invenimus.
966 4075 990 4112 r.
1010 4059 1103 4129 Miibly
1121 4060 1137 4113 l.
1156 4060 1174 4114 l.
1192 4077 1218 4130 p.
1232 4060 1302 4125 211,
1321 4061 1426 4115 Jordan

318 4153 335 4207 l.
356 4153 373 4206 l.
393 4167 418 4221 p.
441 4149 499 4205 182.
518 4149 616 4218 Bergk.
636 4148 730 4218 philol
750 4147 793 4214 21,
807 4148 868 4203 588.
905 4148 998 4204 Keller
1018 4149 1081 4218 ,der
1103 4150 1272 4206 saturnische
1292 4150 1362 4204 Vere
1385 4151 1425 4204 als

317 4239 465 4313 rythmisoh
485 4237 702 4308 nacbgcwieseu‘
724 4256 750 4307 p.
771 4239 813 4292 46.
