3259 4975
671 470 900 535 ·-27-·-

282 666 401 733 Bacch.
429 665 515 733 1152
540 667 703 735 odeurabo
728 668 908 754 amplexari

281 773 410 839 Trucul.
434 772 465 857 5,
492 776 520 858 1,
538 775 581 840 33
604 776 686 843 olios
711 777 927 860 amplexarier

274 880 373 947 Pers.
400 880 466 945 704
491 883 620 966 aceede,
646 904 726 967 mea,
751 884 792 948 ad
816 904 876 968 me,
901 884 1097 968 amplectere
1148 919 1150 922 ·

398 1033 550 1093 eontra:

283 1148 366 1216 Men.
395 1150 479 1216 1126
503 1154 672 1233 contineri,
700 1154 774 1239 urin
800 1153 1001 1239 complectar
1023 1175 1086 1219 non
1110 1166 1194 1239 ooeo

282 1258 397 1342 Amph.
422 1256 488 1322 290
511 1261 566 1344 qui
589 1260 778 1347 complexos
803 1275 874 1328 oum
898 1261 954 1328 illa
978 1243 1096 1342 cubat,'

283 1364 382 1430 Poen.
406 1364 463 1448 llI,
489 1366 519 1449 3,
537 1367 579 1431 89
604 1369 805 1453 complexum
830 1374 1048 1436 contrectare.
1081 1396 1083 1399 ⁴

282 1473 377 1559 Troe.
400 1473 444 1554 II,
469 1473 499 1557 4,
522 1474 561 1539 19
586 1476 714 1565 copiast
737 1477 958 1561 complectere

288 1578 353 1644 Mil.
382 1579 467 1681 1052
491 1583 688 1667 compellere
713 1584 885 1668 complecti
908 1617 952 1631 -
975 1589 1183 1651 contrectare

238 1705 394 1790 Amphitr.
422 1705 507 1773 1123

282 1832 352 1877 enm
374 1814 549 1881 Alcumena
573 1814 656 1883 clam
680 1822 869 1884 consuetum
893 1818 1053 1883 cubitibus

239 1936 286 2003 Oa
311 1945 332 2005 t.
359 1939 423 2005 306

283 1958 336 2131 dui
360 2042 510 2133 inperare
534 2045 693 2115 insueram
716 2070 799 2114 nune
823 2047 936 2114 1111111
959 2045 1094 2134 lmperio
1118 2050 1291 2133 obsequor.

326 2171 438 2257 Neque
461 2176 563 2239 minus
588 2194 686 2259 saepe
711 2174 859 2255 occurrit,
885 2196 978 2258 quam
994 2176 1143 2241 momenti
1167 2176 1344 2259 estmagni
1365 2180 1368 2191 '

238 2278 412 2345 alliteratio
434 2282 468 2346 in
493 2283 729 2367 proverbiis,
756 2282 872 2347 dietis
896 2282 1137 2366 vulgaribus,
1163 2302 1245 2366 quae
1269 2283 1343 2365 „du-

238 2388 339 2453 rando
363 2388 490 2454 saecula
510 2388 671 2472 vineuut“,
697 2409 787 2473 quae,
811 2389 959 2455 florentia
982 2392 1051 2455 siue
1074 2391 1137 2454 fine
1159 2398 1195 2455 et
1217 2410 1345 2474 semper

239 2504 367 2561 servata
395 2498 505 2563 eadem
534 2498 655 2582 figura,
692 2499 844 2582 deinceps
881 2519 900 2561 1
933 2499 1105 2564 maioribus
1134 2500 1344 2564 tradebantur

238 2605 394 2689 posteris,
419 2606 451 2668 iu
475 2606 665 2686 formulis,
696 2623 714 2670 e
738 2606 823 2671 vitae
847 2606 1027 2671 cotidianae
1051 2627 1108 2671 osu
1133 2609 1231 2686 natis,
1262 2628 1344 2689 quae

239 2713 330 2794 quasi
369 2713 517 2797 lapideae
554 2713 730 2778 diutissime
770 2714 999 2798 servabantur,
1045 2735 1116 2780 cum
1153 2735 1261 2779 omnes
1300 2716 1346 2778 eis

239 2821 326 2883 velut
347 2820 432 2884 bono
456 2821 582 2905 publico
607 2828 785 2901 uterentur,
821 2841 913 2885 nemo
944 2823 1081 2903 sciebat,
1108 2823 1191 2886 undo
1222 2832 1343 2886 essent.

187 3001 206 3016 ι,
239 2927 288 2990 Ae
315 2947 377 2991 non
405 2928 516 2991 mirum
546 2937 610 3009 est,
636 2929 720 3013 apud
744 2923 892 2991 Plautum
914 2930 1048 2993 inveniri
1073 2930 1151 2994 talia
1175 2930 1345 3014 permulta,

240 3053 337 3119 saepe
359 3035 508 3117 repetita.
559 3035 624 3100 Hie
649 3055 847 3119 apponamus
864 3037 1016 3100 nonnulla
1033 3038 1226 3121 promiscue:
1251 3043 1347 3120 pecte

239 3143 365 3225 pugnis,
390 3142 431 3205 Di
455 3142 543 3225 deut,
570 3143 792 3224 DiDeaeque
817 3142 914 3222 duint,
943 3144 984 3207 Di
1008 3145 1161 3227 Deaeque
1185 3143 1345 3229 perduint,

240 3267 340 3331 perge
375 3271 488 3333 porro,
525 3250 603 3313 felix
632 3250 769 3313 faustum
804 3249 1075 3332 fortunatumque,
1116 3253 1212 3315 docta
1247 3252 1344 3327 dicta,

241 3355 352 3420 doctus
369 3356 472 3438 dolus,
498 3357 615 3420 dudum
633 3357 706 3440 dixi,
725 3357 889 3421 consilium
906 3377 1032 3442 capere,
1055 3359 1163 3422 111111
1181 3365 1213 3422 11
1229 3359 1345 3440 111111,

241 3464 344 3528 111111
374 3472 407 3528 11
437 3464 574 3544 subolet,
601 3483 716 3548 sapere
740 3471 773 3530 et
797 3465 927 3543 sentire,
957 3472 1008 3528 sat
1035 3465 1111 3547 scio,
1137 3467 1215 3530 satis
1239 3486 1345 3547 sanus,

240 3589 336 3635 sanus
360 3579 394 3636 et
417 3570 557 3636 salvus.“
598 3570 686 3649 Quae
702 3591 850 3654 magnam
872 3578 998 3656 partem
1021 3592 1084 3635 nou
1109 3573 1243 3656 singulis
1267 3573 1347 3637 loeis

239 3679 422 3761 peculiaria,
441 3679 499 3744 aed
523 3699 580 3744 usu
598 3679 687 3762 quasi
705 3679 830 3743 sancita
846 3679 878 3743 iu
894 3698 1083 3761 unaquaque
1099 3679 1248 3761 dictione,
1266 3699 1346 3744 eom·

239 3786 351 3866 munia,
374 3794 532 3871 perpetua
549 3807 621 3852 esse
639 3786 862 3869 intellegimus.
903 3785 972 3862 Quo
989 3787 1061 3850 loeo
1080 3788 1212 3851 concedi
1228 3794 1345 3871 potest,

240 3894 324 3976 quod
343 3892 484 3957 Naekius
507 3893 527 3957 l.
552 3894 572 3958 l.
596 3916 627 3978 p.
653 3893 727 3956 326.
753 3900 786 3957 et
812 3892 886 3956 332.
912 3893 1124 3976 confirmavit,
1150 3901 1215 3957 tam
1238 3896 1347 3959 tritum

123 4000 131 4018 ⁶
240 4020 339 4086 saepe
361 4002 649 4086 pervulgatumque
677 4000 779 4064 luisse
809 4020 897 4064 usum
921 4000 1008 4064 illum
1031 3994 1188 4085 (velutin
1212 4001 1344 4066 talibus:

239 4109 373 4172 animum
398 4109 576 4190 advertere,
609 4113 775 4190 argeutum
807 4109 955 4191 accipere
984 4115 1018 4171 11
1040 4105 1092 4191 a),
1127 4115 1163 4172 ut
1189 4108 1347 4173 interdum

238 4213 300 4279 iam
323 4235 386 4280 non
411 4216 718 4281 animadverteretur
746 4214 935 4298 alliteratio,
972 4215 1001 4280 si
1031 4215 1126 4281 modo
1157 4215 1335 4280 obtinemus
