3259 4975
709 498 931 565 „25-

267 718 350 781 qoae
386 699 503 783 partim
526 696 659 763 Plautus
694 697 920 765 alliterationis
954 716 1062 765 amore
1097 700 1210 766 doctus
1239 707 1273 765 et
1299 698 1372 785 ipse

266 805 390 889 ludens,
414 806 569 872 inusitata
591 812 686 871 antea
707 798 897 893 composuit.

356 915 437 982 Tum
465 914 603 980 naturali
632 913 856 979 alliterationis
884 914 996 998 generi
1030 912 1136 1006 addici
1169 932 1267 999 posse
1295 922 1374 1000 puto

265 1020 452 1086 formulas
487 1022 575 1103 illes,
612 1028 861 1106 cognatorum
889 1022 941 1087 vel
975 1022 1117 1087 eiusdem
1143 1022 1263 1088 radicis
1291 1043 1374 1091 ver-

266 1128 397 1194 borum
420 1130 716 1195 consociatione
739 1136 878 1210 coortos,
904 1149 984 1211 quas
1000 1129 1142 1197 Naekius
1165 1125 1221 1214 (ef.
1245 1152 1277 1217 p.
1296 1132 1371 1199 328.

268 1226 353 1321 sqq.)
376 1235 532 1303 hocloco
557 1237 660 1321 accipi
684 1257 747 1302 non
768 1237 846 1302 vult.
893 1236 1032 1301 Primum
1048 1254 1113 1319 eas,
1139 1256 1222 1321 quae
1246 1246 1319 1305 snut
1340 1242 1374 1305 in

267 1344 399 1409 vocibus
415 1344 556 1409 eiusdem
572 1344 698 1426 radicis,
716 1363 1010 1410 commemoramus:
1035 1346 1221 1412 servitutem
1239 1349 1373 1430 servire,

268 1451 353 1517 dieta
377 1452 466 1533 dixit,
480 1457 612 1518 'metere
635 1472 780 1533 messem,
806 1459 1024 1533 votaxvovere,
1048 1453 1145 1519 vitam
1166 1454 1283 1538 vivere,
1308 1476 1375 1521 cer·

266 1567 372 1624 tamen
395 1561 544 1643 cernitur,
571 1560 733 1646 speculum
756 1562 932 1646 inspicere,
968 1560 1150 1625 essitebunt
1170 1580 1271 1644 escas,
1303 1584 1375 1629 sex·

268 1674 363 1733 conta
389 1667 461 1749 alia,
485 1702 529 1713 -
552 1669 604 1733 vel
628 1686 697 1733 eum
720 1668 872 1733 artificio:
906 1668 1065 1753 perditum
1088 1668 1238 1753 perdere,
1268 1678 1374 1736 actum

268 1794 384 1858 agere,
422 1775 511 1840 secta
535 1776 652 1841 iacere.
711 1776 897 1841 Asserenda
921 1782 1007 1855 sunt,
1034 1795 1115 1859 quae
1140 1778 1311 1858 exsistunt,
1348 1780 1376 1844 si

267 1882 398 1946 verbum
423 1882 626 1967 coniungitur
649 1903 718 1948 cum
741 1891 881 1967 cognato
898 1882 1060 1963 adverbio,
1077 1883 1130 1947 vel
1153 1902 1222 1949 oum
1238 1886 1374 1968 nomine,

268 1988 413 2055 adverbii
446 1991 517 2054 loco
550 1992 673 2075 posito,
709 1997 756 2071 ut,
794 1991 1000 2071 „memoriter
1032 1990 1221 2074 meminisse,
1260 1993 1376 2077 cupide

268 2116 395 2181 cupere,
420 2118 560 2184 propere
583 2118 769 2184 properare,
794 2097 863 2161 iure
885 2098 1040 2180 indicare,
1065 2099 1136 2163 lnee
1158 2098 1299 2183 iucere“,
1323 2101 1376 2165 vel

268 2204 295 2269 si
319 2206 381 2270 duo
405 2207 532 2270 nomina
557 2213 696 2287 cognata
720 2206 959 2271 consociantur:
997 2206 1087 2287 „fors
1116 2205 1259 2289 fortuna,
1290 2208 1375 2273 forte

267 2310 417 2377 fortuna“
444 2313 494 2377 vel
516 2332 630 2379 nomen
654 2334 724 2379 cnm
746 2313 902 2397 adverbio
924 2320 1080 2397 cognato:
1106 2314 1244 2395 „misere
1267 2314 1373 2397 miser,

267 2420 350 2486 bene
365 2420 478 2503 bonus,
502 2421 602 2486 malus
619 2419 723 2487 male“
740 2454 783 2466 —
800 2420 873 2504 alia,
891 2418 988 2506 (quae
1006 2420 1142 2506 collegit
1157 2423 1188 2488 J.
1206 2421 1375 2510 Philippus

267 2527 389 2594 Parcus
416 2529 448 2593 in
475 2529 567 2595 lexic.
595 2529 733 2595 Plautin.
757 2530 906 2596 Franoof.
940 2529 1026 2594 1614
1055 2529 1096 2594 ef.
1120 2530 1290 2614 Atticism,
1315 2531 1375 2596 Pa·

267 2635 396 2720 relisi).
455 2636 531 2702 Cum
572 2659 612 2702 ne
651 2638 732 2702 haee
766 2637 892 2721 quidem
922 2638 989 2703 sine
1017 2638 1177 2703 desiderio
1201 2644 1376 2704 concentus

267 2743 368 2824 iliius,
406 2744 474 2809 sine
503 2745 610 2809 studio
638 2744 904 2827 alliterationis*)
938 2765 1009 2809 esse
1043 2746 1145 2827 fecta,
1183 2753 1272 2811 certe
1307 2748 1376 2812 sine

268 2851 542 2916 animadversione
565 2851 633 2916 eius
657 2854 782 2934 penitus
807 2854 931 2936 gustari
946 2855 1090 2936 potuisse
1115 2872 1177 2917 non
1195 2853 1374 2938 videantur,

269 2959 410 3040 quamvis
435 2977 474 3023 ea
504 2980 565 3023 non
595 2959 702 3042 magni
730 2959 878 3044 pendam,
915 2982 954 3023 ea
983 2979 1047 3024 non
1070 2960 1239 3044 expellam.
1298 2960 1374 3026 For·

269 3069 366 3148 tasse,
409 3067 461 3150 qui
486 3066 622 3149 dubitat,
656 3087 729 3130 num
752 3067 813 3131 hoo
835 3074 925 3132 recte
954 3065 1098 3147 fecerim,
1131 3066 1284 3151 exemplis
1308 3069 1373 3151 qui·

267 3173 410 3255 busdam,
427 3193 509 3256 qnae
524 3173 695 3259 proferam,
714 3180 899 3256 commotuS,
917 3174 990 3237 mihi
1005 3175 1211 3257 assentietur;
1230 3175 1303 3239 Cas.
1316 3175 1373 3258 IV,

267 3279 298 3362 4,
317 3279 335 3344 7
361 3282 446 3364 quod
468 3281 587 3364 legitur
611 3280 718 3364 „mala
743 3282 847 3346 malae
871 3281 964 3362 male,
989 3281 1016 3344 si
1039 3301 1100 3345 von
1123 3281 1249 3346 velint
1272 3281 1375 3348 allite·

267 3387 425 3453 rationem
442 3389 599 3473 accipere,
625 3408 730 3472 spero,
748 3408 819 3454 enm
838 3388 913 3452 mihi
930 3407 1154 3453 concessurum
1170 3407 1251 3470 esse,
1269 3395 1375 3455 tamen

268 3497 506 3562 consonantiam
529 3497 591 3561 hoc
614 3496 685 3561 loeo
703 3496 815 3578 audiri,
842 3495 951 3559 addito
975 3494 1045 3579 ilio,
1071 3495 1156 3578 quod
1173 3498 1314 3578 sequitur
1331 3530 1373 3542 —

268 3600 499 3683 „monstrant“.
547 3602 618 3668 (ias.
644 3621 724 3686 grex
747 3602 769 3665 4
792 3603 957 3685 „manibus
981 3602 1102 3666 meritis
1125 3604 1269 3667 meritam
1291 3623 1370 3669 mer·

268 3709 409 3793 cedem“,
435 3712 461 3776 si
477 3711 659 3793 crediderit,
683 3711 715 3774 in
739 3711 869 3775 vocibus
886 3707 1073 3793 „manibus“
1089 3717 1123 3775 11
1139 3709 1371 3796 „mereedem“,

355 3903 382 3972 ⁴4)
402 3905 466 3960 Non
485 3905 574 3970 video,
604 3904 738 3974 quomodo
757 3905 810 3959 sibi
828 3908 936 3960 constet
953 3902 1086 3968 Naelrins,
1110 3904 1135 3958 si
1152 3905 1181 3958 in
1198 3906 1259 3958 soni
1276 3904 1370 3960 simili·

266 3994 358 4048 tudine
383 3994 580 4050 considerando
601 3994 704 4064 occipit
729 3995 787 4049 ills:
817 3999 883 4049 nota
901 3995 1041 4050 nominare
1064 4023 1107 4060 -,
1135 3993 1295 4060 accelerare,
1324 4011 1371 4051 ee·

267 4084 404 4150 cumbere,
428 4067 569 4142 accurrere
588 4090 651 4150 ets,
675 4084 791 4138 reiiciat:
819 4084 907 4138 bonus
931 4084 1014 4151 bone,
1038 4084 1100 4138 inre
1118 4082 1242 4138 indicare
1266 4084 1372 4139 iniecta

266 4173 366 4240 faeere,
386 4178 490 4230 metere
509 4189 633 4239 messem,
653 4175 728 4229 coxit
746 4188 858 4242 coquos,
877 4188 1033 4229 marcescere
1052 4171 1242 4239 mneritudine,
1263 4173 1371 4228 facinus

266 4264 341 4332 iecit,
360 4264 438 4320 dicta
455 4263 534 4319 dixit.
